2004 3186
115 917 158 948 10

840 122 1201 175 „gg-

180 247 319 296 initio
366 259 483 294 suae
529 244 794 293 nativitatis
841 242 992 292 veluti
1035 258 1100 292 ex
1145 258 1327 308 genere
1376 242 1773 293 exanthematum
1813 245 1861 294 in

181 319 441 384 superficie
489 318 617 367 cutis
662 317 863 366 feratur.
936 322 986 365 et
1030 318 1083 365 in
1120 316 1282 366 medio
1323 331 1439 366 suae
1479 317 1696 380 regionis
1734 319 1862 383 nigri

181 399 236 442 ut
275 391 512 441 carbones
553 391 859 455 efficiuntur,
896 388 1028 440 unde
1069 391 1176 455 ipso
1215 392 1414 441 nomine
1454 388 1745 439 carbunculi
1782 406 1863 440 vo-

182 472 369 515 cantur.
454 471 503 514 et
556 479 670 514 cum
732 469 994 528 augmento
1048 463 1241 514 dierum
1303 465 1571 528 creverint,
1634 463 1863 527 quemad-

182 539 381 588 modum
411 540 540 587 intra
571 539 777 587 formam
810 551 949 586 suam
979 536 1134 603 basiS‚
1171 545 1421 602 tamquam
1454 552 1514 586 ex
1545 537 1863 587 similitudine

183 614 395 661 cauteris
435 614 567 660 acuti
613 611 755 660 calidi
793 610 1037 677 variolati‚
1085 625 1275 660 scaram
1313 611 1603 677 ostendunt,
1651 618 1700 660 et
1751 626 1863 660 cum

180 685 442 750 putredine
482 691 537 734 ut
576 699 719 749 saepe
759 683 859 733 dixi
898 684 1196 734 efficiuntur.

330 760 518 808 curatio
566 765 727 807 autem
768 759 951 822 optima
989 757 1049 806 ab
1095 759 1236 808 initio
1285 758 1382 807 cibi
1428 757 1724 807 abstinentia
1763 760 1862 807 sive

182 834 365 881 ieiunio
414 838 463 880 et
509 834 680 900 requie
730 832 952 896 eorporis
990 830 1067 880 vel
1099 832 1294 882 silentio
1333 833 1552 899 incipere
1593 830 1753 881 debet.
1817 839 1866 881 et

181 907 223 953 si
270 906 480 969 grandes
526 907 712 955 fuerint
758 903 1067 972 carbunculi,
1123 911 1271 955 erunt
1325 906 1513 969 aegroti
1565 906 1617 954 in
1662 904 1864 954 brachio

180 977 549 1045 flebotomandi,
600 981 642 1027 si
679 986 845 1028 tamen
884 985 1018 1028 aetas
1058 986 1142 1028 aut
1180 986 1376 1044 tempus
1414 978 1492 1027 vel
1529 980 1709 1028 virium
1749 993 1863 1043 qua-

180 1051 291 1100 litas
320 1054 618 1116 permiserit,
674 1059 724 1101 et
757 1053 798 1100 si
828 1058 1052 1101 ventrem
1083 1068 1183 1101 non
1208 1053 1399 1119 fecerit,
1429 1052 1639 1118 clystere
1672 1053 1863 1101 acriore

181 1125 488 1175 evacuandus
537 1127 643 1174 erit.
719 1127 841 1190 ipsis
894 1140 1010 1175 vero
1067 1125 1382 1176 carbunculis
1434 1127 1572 1191 parvi
1618 1125 1733 1175 salis
1787 1125 1866 1175 dia

181 1197 353 1247 chartu
385 1198 796 1260 medicamentum
828 1198 960 1248 melli
993 1199 1262 1249 admixtum
1287 1215 1314 1249 e
1342 1206 1475 1249 moto
1507 1198 1615 1248 tilto
1649 1214 1866 1264 appones

137 1283 156 1314 5
181 1278 264 1320 aut
303 1280 436 1321 certe
477 1273 678 1322 chloran
719 1288 864 1337 quam
905 1273 1150 1338 appellant
1183 1280 1456 1338 emmoton,
1494 1279 1543 1322 et
1574 1288 1725 1337 super
1763 1272 1866 1321 len-

300 1492 323 1531 1
358 1502 470 1544 gnre
501 1503 543 1556 9,
575 1504 664 1546 gne
697 1503 763 1545 οΡ.
916 1489 1296 1547 exantema<tum
1326 1487 1375 1532 in
1406 1489 1458 1532 in
1488 1501 1580 1534 offas
1586 1490 1674 1546 >9
1837 1493 1862 1532 2

179 1546 354 1590 feiatur
375 1561 449 1603 96·
484 1547 549 1603 (in
571 1548 859 1605 superficiem
887 1549 943 1604 c.)
977 1547 1184 1592 ferantur
1199 1562 1250 1604 Ρ.
1371 1547 1504 1604 niger
1526 1549 1579 1591 ub
1604 1547 1743 1591 carbo
1769 1546 1864 1591 effi-

180 1604 300 1649 citur
331 1619 356 1649 c
384 1608 497 1659 (non
526 1611 617 1663 922).
799 1612 824 1651 3
858 1607 1163 1651 carbunculas
1193 1607 1299 1662 (sic)
1329 1609 1524 1651 vocatur
1554 1620 1578 1650 c
1610 1607 1731 1662 (item
1761 1619 1866 1650 ‘mox

179 1663 409 1710 creverit.
460 1666 730 1721 .ostendit).
821 1671 850 1710 4
874 1665 989 1723 qd(q
997 1668 1052 1723 Ρ)
1071 1665 1323 1710 admodum
1346 1679 1419 1722 9Ρ,
1446 1665 1647 1732 quodam
1671 1665 1811 1709 modo
1828 1679 1864 1709 c.

179 1728 205 1765 5
237 1722 361 1767 intra
391 1725 540 1769 forma
571 1739 655 1769 sua.
684 1725 808 1770 basis
837 1739 887 1782 9,
927 1726 1052 1770 nitra
1092 1724 1244 1768 forma.
1273 1730 1356 1768 sua.
1387 1724 1512 1768 basis
1524 1738 1588 1795 c,
1625 1724 1675 1767 in
1716 1723 1867 1768 forma.

179 1781 360 1825 subasis
371 1785 495 1851 (sic)
517 1798 568 1840 Ρ.
749 1785 807 1838 ef.
842 1784 945 1830 Gal.
978 1785 1066 1839 XI,
1108 1789 1162 1828 76
1203 1783 1456 1838 (V11,719
1497 1778 1653 1839 ὥσπερ
1686 1779 1738 1827 ἐν
1768 1789 1868 1833 τοῖς

178 1837 541 1900 πυρικαύστοις).
663 1849 689 1887 6
716 1844 850 1887 calva.
877 1846 883 1900 Ι
910 1842 1082 1888 riolati
1146 1855 1278 1886 seara
1302 1841 1552 1886 ostendunt
1572 1857 1614 1899 9,
1641 1841 1866 1887 calvario-

179 1913 301 1958 latas
335 1899 494 1960 charaos
527 1916 596 1971 (ἀνι
625 1930 766 1972 mam-9.
791 1922 812 1959 i
837 1931 865 1960 a
895 1917 1120 1973 chartasl)
1154 1917 1238 1960 ost.
1264 1929 1315 1972 Ρ,
1348 1915 1557 1975 callvano
1587 1915 1698 1960 latis
1729 1915 1867 1959 thara

178 1973 313 2018 ondit
345 1989 378 2018 c.
512 1973 730 2018 variolati
759 1976 879 2031 quod
908 1976 1074 2031 scripsi
1103 1976 1338 2031 respondet
1369 1974 1538 2019 Galem'
1569 1974 1866 2031 phlyctaenis

181 2032 274 2088 (XI,
306 2035 392 2087 76).
455 2037 496 2076 et
518 2037 581 2077 est
603 2033 782 2077 variola
812 2035 938 2088 apud
964 2034 1175 2078 Marium
1198 2033 1537 2078 Aventicensem
1568 2033 1751 2089 (Chro‘n.
1782 2037 1863 2078 vet.

181 2091 259 2135 lat.
308 2093 373 2136 ed.
418 2090 635 2136 Roncalli
672 2091 734 2146 II,
783 2096 868 2135 413
917 2106 1021 2136 cum
1066 2091 1294 2149 profluvio
1347 2092 1522 2136 ventris
1563 2093 1611 2136 et
1655 2091 1865 2148 variola).

181 2154 381 2195 cauteres
427 2151 571 2195 calidi
615 2151 836 2194 dicuntur
881 2154 935 2194 ut
979 2155 1180 2195 cauteres
1217 2154 1300 2194 aut
1338 2151 1482 2206 tepidi
1519 2155 1602 2194 azot
1637 2152 1762 2209 iynei
1799 2153 1868 2195 vel

179 2224 320 2279 iyniti
349 2223 519 2339 ,qoadio
565 2224 656 2269 chr.
697 2227 747 2277 5,
793 2227 867 2269 16.
914 2228 987 2268 19.
1167 2227 1194 2267 8
1242 2223 1420 2280 optima,
1463 2224 1550 2276 (sic
1587 2238 1663 2281 90,
1704 2219 1766 2282 p¹a
1796 2226 1865 2281 Ρ).

179 2281 289 2326 Ab.
572 2282 632 2326 ab
663 2281 834 2328 initio.
898 2281 1134 2338 ‚incipere
1164 2282 1231 2325 sic
1260 2296 1344 2338 9οΡ
1379 2283 1454 2339 (cf.
1487 2296 1522 2327 e.
1555 2287 1621 2328 ,28
1654 2297 1709 2328 ex
1735 2297 1867 2340 prae-

179 2297 379 2408 dietisy
417 2341 663 2398 ,superius
703 2342 887 2409 scripta.
1097 2340 1427 2384 abstinentiam
1468 2343 1612 2397 (-tia
1649 2346 1721 2400 ep)
1770 2343 1866 2388 sive

179 2377 402 2444 ieiunium
434 2400 591 2456 (-ni0
621 2414 665 2456 c,
698 2400 793 2444 sive
824 2399 853 2444 i.
887 2413 971 2445 om.
1002 2400 1070 2456 Ρ).
1135 2401 1181 2443 et
1218 2399 1426 2455 requiem
1458 2402 1560 2457 (—-e
1590 2415 1675 2458 9Ρ,
1709 2417 1793 2447 —e
1826 2405 1864 2458 e)

179 2458 256 2503 vel
287 2460 372 2515 (90,
404 2460 452 2503 et
474 2459 529 2515 Ρ)
563 2458 798 2503 silentium
829 2458 974 2515 (—tio
1005 2459 1044 2514 c)
1074 2464 1292 2516 9.11
1327 2460 1410 2503 aut
1438 2473 1512 2516 9εε
1537 2462 1613 2505 vel
1637 2475 1686 2517 Ρ.
1812 2465 1864 2505 12

180 2534 388 2576 ventrem
418 2546 492 2591 90:
532 2533 694 2576 venter
723 2533 837 2588 (vet)
862 2546 912 2588 Ρ.
1048 2531 1225 2576 acriore
1255 2547 1305 2589 9:
1339 2532 1437 2577 —ri
1466 2548 1536 2590 ep.
1675 2540 1727 2579 13
1761 2549 1866 2580 eva-

181 2591 385 2635 cuandus
417 2605 493 2647 ep:
524 2590 791 2635 vacuandus
821 2605 863 2646 9.
1042 2591 1192 2646 parvi:
1224 2605 1369 2648 parvo
1401 2606 1499 2649 9010.
1678 2594 1788 2638 salis
1820 2608 1862 2638 c:

181 2649 277 2693 sale
300 2664 342 2706 9,
376 2650 468 2693 -li
485 2663 536 2705 Ρ.
657 2649 871 2694 diacartu
892 2663 921 2706 9
952 2650 1081 2705 (—t1·1
1107 2663 1157 2704 Ρ,
1191 2650 1393 2695 ——ticum
1425 2652 1480 2707 c).
1605 2657 1659 2696 14
1691 2654 1864 2698 emoto-

180 2707 339 2752 tileo(
318 2722 367 2764 9,
408 2723 432 2752 e
464 2708 702 2753 mototilto
725 2722 783 2764 Ρ,
817 2709 1019 2752 emmoto
1051 2708 1160 2752 cillo
1193 2723 1228 2753 c.
1378 2709 1582 2766 adpones
1613 2724 1654 2767 9.
1808 2716 1862 2755 15

181 2766 350 2811 elotan.
375 2781 514 2823 quem
537 2782 578 2813 a
603 2769 783 2812 emotos
806 2781 848 2823 9,
873 2767 1019 2812 doran
1041 2781 1087 2822 qs
1112 2780 1151 2813 a.
1179 2769 1405 2813 emmotos
1430 2783 1465 2824 e,
1498 2769 1625 2813 clora
1648 2788 1680 2825 q
1705 2770 1863 2828 (quod)

181 2839 221 2868 a
257 2826 436 2871 einofos
468 2828 600 2882 (corr
633 2840 718 2884 my
752 2827 948 2883 emotos)
976 2840 1024 2883 Ρ.
