2004 3186
791 112 1188 164 -119—

145 235 331 284 vesicae
386 233 619 298 porcinae
676 231 947 298 alligatum,
1008 247 1108 282 non
1162 234 1308 283 nimis
1361 234 1571 283 interius
1625 234 1712 284 sed
1772 235 1823 284 in

143 313 291 371 caput
329 313 533 356 naturae
578 306 752 355 inicies
799 307 1046 355 cervinam
1085 306 1349 357 medullam
1391 308 1560 357 susino
1600 307 1706 357 oleo
1746 324 1821 357 re·

143 379 352 430 solutam
399 386 484 429 aut
534 378 770 445 butyrum
815 394 991 429 recens
1038 386 1122 429 aut
1168 380 1360 446 adipem
1414 382 1698 431 anserinum
1749 381 1824 431 vel

142 453 477 518 gallinaceum.
546 452 820 502 adhibenda
860 454 1006 502 etiam
1045 453 1397 504 encathismata
1435 470 1495 504 ex
1534 455 1821 505 decoctione

141 542 368 577 rosarum
421 526 682 576 lenticulae
736 534 922 592 myrtae
969 526 1082 576 rubi
1134 527 1328 577 lentisci
1382 528 1459 577 vel
1510 528 1587 578 his
1641 530 1822 578 virtute

141 601 389 651 similium.
451 600 797 665 apponendum
828 603 977 650 etiam
1009 607 1058 650 et
1088 601 1167 651 dia
1196 603 1331 652 iteon
1371 601 1690 667 emplastrum
1722 604 1822 652 sive

139 673 260 723 illud
317 673 731 724 medicamentum
795 675 926 740 quod
979 690 1155 740 graece
1209 674 1475 725 ebarharos
1537 676 1824 742 appellatur,

140 747 345 797 renibus
385 754 435 797 et
471 749 657 813 pectini
695 763 950 815 praeraso,
989 755 1074 798 aut
1110 749 1343 798 finicinen
1381 764 1527 814 quam
1567 749 1822 800 Galenus

140 823 193 871 in
230 820 372 871 libris
413 821 796 887 emplastrorum
834 837 959 887 quos
997 829 1105 872 cata
1143 837 1267 887 gene
1299 823 1565 889 appellant,
1603 830 1823 873 nostram

138 895 219 944 dia
250 894 515 945 chalciteos
546 897 829 946 nominavit.
881 897 1171 961 proficiente
1202 903 1367 946 autem
1403 898 1671 947 curationis
1701 904 1822 947 tem-

139 983 260 1034 pore
301 976 449 1018 erunt
498 970 550 1018 in
590 969 700 1019 cibo
740 969 887 1019 dandi
926 972 1058 1020 suini
1095 969 1236 1035 pedis
1273 985 1559 1036 mucroneS‚
1607 970 1822 1021 testiculi

139 1042 321 1092 madidi
359 1058 419 1092 ex
458 1057 584 1107 aqua
622 1049 673 1093 et
710 1043 973 1093 cerebrum
1011 1051 1250 1110 assatum,
1295 1043 1356 1093 de
1398 1044 1620 1110 piscibus
1659 1051 1821 1095 autem

139 1116 426 1181 torpedines
491 1116 628 1175 aselli
681 1132 940 1183 murenae,
1001 1117 1062 1167 de
1123 1119 1283 1183 pomis
1347 1133 1462 1167 vero
1516 1133 1638 1168 uvae
1699 1117 1821 1167 mala

139 1190 345 1255 cydonia
399 1197 600 1254 granata
655 1197 703 1240 et
755 1191 832 1240 his
886 1193 1068 1242 virtute
1123 1191 1313 1240 similia.
1402 1191 1617 1241 dandum
1677 1193 1823 1241 etiam

138 1265 319 1313 ieiunis
365 1263 549 1328 aliquid
596 1263 778 1313 sorbile
825 1265 958 1329 quod
1003 1265 1265 1314 humorem
1310 1279 1475 1314 acrem
1525 1272 1576 1314 et
1624 1272 1823 1314 tenuem
1870 1275 1889 1307 5

138 1345 190 1387 et
228 1352 459 1403 asperum
507 1336 663 1387 valeat
709 1337 972 1388 obdulcare
1021 1345 1071 1388 et
1118 1338 1421 1387 crassificare
1461 1344 1511 1387 et
1549 1338 1727 1404 lenire,
1770 1346 1825 1387 ut

137 1417 216 1460 est
255 1410 468 1476 amylum
505 1418 827 1476 procuratum
866 1419 951 1462 aut
988 1411 1187 1478 polenta
1227 1426 1287 1461 ex
1319 1426 1443 1476 aqua
1475 1411 1599 1461 elixa
1631 1419 1681 1461 et
1712 1426 1825 1461 cum

138 1487 251 1535 vino
292 1484 471 1550 nigello
512 1483 767 1535 addulcata
798 1492 883 1535 aut
914 1500 1058 1551 oryza
1098 1491 1181 1535 aut
1220 1499 1370 1550 grana
1400 1487 1619 1551 ptisanae
1661 1491 1710 1534 et
1748 1485 1823 1534 his

138 1555 329 1608 similia.
402 1557 642 1624 probatur
688 1560 836 1608 etiam
883 1558 989 1608 dari
1037 1557 1339 1609 sorbendum
1387 1559 1517 1623 quod
1566 1559 1824 1609 conficitur

138 1634 226 1682 sic.
288 1647 348 1681 ex
379 1631 570 1682 nucleis
600 1632 886 1682 recentibus
919 1639 970 1682 et
1001 1634 1280 1683 cucumeris
1321 1634 1506 1682 semine
1547 1632 1823 1682 descamato

139 1713 192 1755 et
238 1705 488 1771 amygdala
535 1705 667 1755 dulci
714 1712 764 1755 et
802 1706 959 1771 amylo
1000 1722 1114 1755 cum
1159 1705 1283 1754 lacte
1330 1707 1382 1754 in
1422 1721 1520 1754 uno
1564 1706 1824 1770 diligenter

139 1781 270 1830 tritis
333 1787 382 1829 et
449 1779 624 1828 leviter
692 1781 943 1829 concoctis
1012 1779 1226 1829 dandum
1287 1780 1467 1828 ieiunis
1537 1794 1650 1829 cum
1712 1780 1823 1827 vino

261 1941 284 1979 1
317 1935 470 1980 vesice
502 1935 693 1993 porcine
718 1935 898 1993 aligatfi
922 1949 968 1980 c:
1000 1935 1156 1980 vesica
1185 1935 1379 1993 porcina
1410 1934 1610 1992 alligant
1624 1948 1675 1991 10·
1797 1939 1823 1977 3

138 1994 346 2040 butirum
376 1996 613 2040 recentem
643 2007 709 2051 cp.
831 2000 860 2038 4
893 1994 1207 2039 adhibendam
1230 2008 1290 2050 p,
1324 1994 1493 2038 —dum
1523 2006 1559 2038 c.
1682 1993 1825 2037 etiam

131 2069 191 2111 p:
225 2054 274 2098 et
303 2067 338 2099 c.
484 2052 744 2099 ancatisma
775 2067 818 2110 c,
851 2054 1121 2098 encatasma
1143 2067 1206 2110 p,
1226 2053 1560 2110 encatasmata,
1583 2057 1654 2109 100.
1798 2056 1823 2095 5

139 2112 257 2157 mire
289 2126 325 2166 c,
357 2112 496 2157 mirte
522 2127 572 2169 p.
694 2118 720 2157 6
753 2112 979 2158 similibus
1010 2126 1078 2168 cp.
1200 2110 1407 2157 diaiteon
1430 2126 1488 2167 p,
1523 2109 1757 2156 diaciteon
1788 2124 1824 2156 c.

140 2178 166 2217 7
199 2185 335 2228 grece
367 2186 411 2226 c,
451 2171 581 2230 greci
610 2176 670 2228 ΡΘ
699 2174 803 2226 (om.
836 2176 908 2228 p).
1089 2170 1385 2216 embarbaros
1422 2185 1477 2227 p,
1515 2171 1744 2215 barbanos
1788 2182 1823 2214 c.

138 2236 166 2277 8
200 2233 248 2276 et
278 2244 321 2276 c:
353 2232 436 2276 aut
459 2244 509 2287 p.
630 2230 840 2276 fenicene
864 2244 922 2288 p,
953 2229 1152 2275 fenicete
1185 2243 1220 2275 c.
1342 2229 1553 2287 galienus
1585 2243 1629 2285 c,
1670 2229 1762 2286 gal'
1788 2242 1824 2285 p

141 2292 216 2348 (=
248 2289 353 2335 Gal.
387 2289 564 2346 XIII,
597 2291 720 2347 375).
851 2295 876 2334 9
909 2289 959 2334 in
996 2287 1117 2334 libro
1150 2288 1541 2346 emplaustrorum
1563 2301 1623 2344 p,
1653 2287 1825 2332 librum

139 2350 500 2406 emplastrorum
530 2362 566 2394 c.
688 2363 804 2405 quos
840 2362 907 2406 cp.
1059 2349 1310 2405 catagenos
1344 2361 1387 2404 c,
1430 2361 1567 2391 —nes
1591 2361 1628 2403 p
1658 2345 1822 2400 (Sim).

139 2412 226 2452 nia.
251 2409 444 2465 (nosbra)
469 2421 538 2464 cp.
665 2412 719 2453 10
744 2409 901 2453 autem
919 2421 976 2463 p:
1001 2407 1147 2465 igitur
1170 2420 1205 2454 e.
1315 2412 1367 2451 11
1394 2405 1514 2451 suini
1539 2407 1594 2462 (c,
1620 2405 1755 2450 suelli
1771 2406 1823 2460 p)

142 2467 286 2525 pedes
315 2480 558 2512 mucrones
589 2480 644 2524 cp
675 2467 754 2522 (cf.
787 2467 891 2512 Gal.
928 2466 1016 2521 VI,
1047 2470 1169 2521 671).
1290 2467 1325 2512 t.
1349 2478 1588 2510 macrones
1616 2463 1762 2508 madii
1786 2477 1823 2515 c,

139 2531 174 2571 t.
207 2531 366 2571 acroes
396 2525 575 2570 madidi
597 2539 635 2582 p
665 2526 745 2581 (cf.
778 2526 881 2571 Gal.
924 2525 1020 2580 VI,
1051 2528 1177 2580 676).
1361 2529 1414 2569 13
1447 2537 1556 2568 vero
1588 2536 1631 2567 c:
1665 2535 1747 2566 om.
1773 2535 1824 2578 p.

140 2598 234 2630 uva.
266 2599 334 2642 qo.
480 2589 536 2628 14
568 2585 753 2630 cidonia,
783 2599 850 2642 cp.
984 2589 1044 2629 -15
1079 2584 1205 2640 quod.
1227 2597 1286 2640 p:
1318 2585 1372 2627 ut
1402 2581 1602 2638 accipiat
1632 2580 1756 2637 quod
1787 2594 1821 2625 c.

139 2657 324 2689 acerem
361 2657 407 2700 c,
453 2657 612 2688 acrum
643 2658 693 2700 p.
877 2649 932 2689 16
971 2643 1107 2688 linire
1151 2644 1298 2698 c(p0):
1345 2642 1506 2695 hemre
1538 2655 1587 2696 p.
1770 2643 1823 2682 17

141 2705 255 2760 po(u
278 2704 502 2760 euentum
528 2736 538 2746 .
566 2739 575 2748 .
605 2737 614 2747 .
639 2703 813 2747 elixum
851 2716 919 2759 cp.
1071 2715 1177 2746 cum
1209 2715 1251 2746 c:
1291 2714 1375 2747 om.
1404 2714 1450 2756 p.
1604 2702 1657 2742 18
1696 2697 1825 2742 adul·

142 2763 301 2806 cabum
323 2776 362 2818 c,
393 2761 695 2807 obdulcatum
709 2776 759 2819 p.
852 2775 997 2820 grana.
1017 2775 1064 2818 p,
1097 2773 1240 2818 grane
1263 2774 1301 2804 c.
1422 2763 1478 2802 20
1509 2759 1631 2812 (item
1647 2770 1697 2824 p.
1716 2760 1824 2809 120,

139 2822 188 2877 4)
223 2821 488 2866 descamato
520 2834 572 2877 p,
606 2821 908 2876 desquamato
941 2834 977 2865 c.
1072 2839 1077 2842 ⁴
1151 2823 1206 2862 22
1241 2821 1288 2863 et
1319 2818 1550 2863 concoctis
1582 2817 1748 2860 leviter
1777 2828 1824 2871 p.

1849 907 1890 938 10

1848 1643 1891 1675 20
