<?xml version="1.0" encoding="UTF-8"?>
<!DOCTYPE html PUBLIC "-//W3C//DTD XHTML 1.0 Transitional//EN"
    "http://www.w3.org/TR/xhtml1/DTD/xhtml1-transitional.dtd">
<html xmlns="http://www.w3.org/1999/xhtml" xml:lang="en" lang="en">
 <head>
  <title>
</title>
<meta http-equiv="Content-Type" content="text/html;charset=utf-8" />
  <meta name='ocr-system' content='tesseract 3.04.00' />
  <meta name='ocr-capabilities' content='ocr_page ocr_carea ocr_par ocr_line ocrx_word'/>
</head>
<body>
  <div class='ocr_page' id='page_1' title='image "./demedicinaexgrae00cassuoft_0179.png"; bbox 0 0 2004 3186; ppageno 0'>
   <div class='ocr_carea' id='block_1_1' title="bbox 800 118 1203 172">
    <p class='ocr_par' dir='ltr' id='par_1_1' title="bbox 800 118 1203 172">
     <span class='ocr_line' id='line_1_1' title="bbox 800 118 1203 172; baseline 0.002 -1"><span class='ocrx_word' id='word_1_1' title='bbox 800 147 862 154; x_wconf 93' lang='lat'><strong>—-</strong></span> <span class='ocrx_word' id='word_1_2' title='bbox 948 118 1203 172; x_wconf 83' lang='lat'>165—</span> 
     </span>
    </p>
   </div>
   <div class='ocr_carea' id='block_1_2' title="bbox 142 236 1904 1706">
    <p class='ocr_par' dir='ltr' id='par_1_2' title="bbox 147 236 1835 436">
     <span class='ocr_line' id='line_1_2' title="bbox 151 236 1834 306; baseline 0.002 -19"><span class='ocrx_word' id='word_1_3' title='bbox 151 244 202 288; x_wconf 90' lang='lat' dir='ltr'><strong>et</strong></span> <span class='ocrx_word' id='word_1_4' title='bbox 237 253 338 287; x_wconf 92' lang='lat' dir='ltr'><strong>non</strong></span> <span class='ocrx_word' id='word_1_5' title='bbox 378 236 537 288; x_wconf 91' lang='lat' dir='ltr'><strong>solum</strong></span> <span class='ocrx_word' id='word_1_6' title='bbox 577 238 908 303; x_wconf 85' lang='lat' dir='ltr'><strong>extrinsecus,</strong></span> <span class='ocrx_word' id='word_1_7' title='bbox 956 237 1044 287; x_wconf 90' lang='lat' dir='ltr'><strong>sed</strong></span> <span class='ocrx_word' id='word_1_8' title='bbox 1089 240 1392 289; x_wconf 89' lang='lat' dir='ltr'><strong>intrinsecus</strong></span> <span class='ocrx_word' id='word_1_9' title='bbox 1431 242 1580 289; x_wconf 86' lang='lat' dir='ltr'><strong>certis</strong></span> <span class='ocrx_word' id='word_1_10' title='bbox 1624 243 1834 306; x_wconf 86' lang='lat' dir='ltr'><strong>potioni-</strong></span> 
     </span>
     <span class='ocr_line' id='line_1_3' title="bbox 147 310 1835 377; baseline 0.001 -16"><span class='ocrx_word' id='word_1_11' title='bbox 147 310 244 361; x_wconf 84' lang='lat' dir='ltr'><strong>bus</strong></span> <span class='ocrx_word' id='word_1_12' title='bbox 304 310 434 361; x_wconf 88' lang='lat' dir='ltr'><strong>infra</strong></span> <span class='ocrx_word' id='word_1_13' title='bbox 499 312 699 377; x_wconf 88' lang='lat' dir='ltr'><strong>scriptis</strong></span> <span class='ocrx_word' id='word_1_14' title='bbox 761 310 920 360; x_wconf 88' lang='lat' dir='ltr'><strong>rabidi</strong></span> <span class='ocrx_word' id='word_1_15' title='bbox 982 313 1116 361; x_wconf 89' lang='lat' dir='ltr'><strong>canis</strong></span> <span class='ocrx_word' id='word_1_16' title='bbox 1178 327 1375 363; x_wconf 89' lang='lat' dir='ltr'><strong>morsus</strong></span> <span class='ocrx_word' id='word_1_17' title='bbox 1436 313 1720 363; x_wconf 87' lang='lat' dir='ltr'><strong>sanantibus</strong></span> <span class='ocrx_word' id='word_1_18' title='bbox 1774 314 1835 363; x_wconf 90' lang='lat' dir='ltr'><strong>ab</strong></span> 
     </span>
     <span class='ocr_line' id='line_1_4' title="bbox 147 384 741 436; baseline -0.002 -1"><span class='ocrx_word' id='word_1_19' title='bbox 147 387 289 436; x_wconf 89' lang='lat' dir='ltr'><strong>initio</strong></span> <span class='ocrx_word' id='word_1_20' title='bbox 330 385 488 435; x_wconf 90' lang='lat' dir='ltr'><strong>dando</strong></span> <span class='ocrx_word' id='word_1_21' title='bbox 529 384 741 434; x_wconf 81' lang='lat' dir='ltr'><strong>curabis,</strong></span> 
     </span>
    </p>

    <p class='ocr_par' dir='ltr' id='par_1_3' title="bbox 146 458 1880 879">
     <span class='ocr_line' id='line_1_5' title="bbox 296 458 1835 524; baseline 0.002 -17"><span class='ocrx_word' id='word_1_22' title='bbox 296 460 432 524; x_wconf 84' lang='lat' dir='ltr'><strong>potio</strong></span> <span class='ocrx_word' id='word_1_23' title='bbox 465 459 524 508; x_wconf 92' lang='lat' dir='ltr'><strong>ad</strong></span> <span class='ocrx_word' id='word_1_24' title='bbox 557 460 693 508; x_wconf 90' lang='lat' dir='ltr'><strong>canis</strong></span> <span class='ocrx_word' id='word_1_25' title='bbox 724 458 885 508; x_wconf 90' lang='lat' dir='ltr'><strong>rabidi</strong></span> <span class='ocrx_word' id='word_1_26' title='bbox 915 474 1150 509; x_wconf 91' lang='lat' dir='ltr'><strong>morsum.</strong></span> <span class='ocrx_word' id='word_1_27' title='bbox 1215 474 1420 510; x_wconf 89' lang='lat' dir='ltr'><strong>cancros</strong></span> <span class='ocrx_word' id='word_1_28' title='bbox 1451 460 1670 510; x_wconf 89' lang='lat' dir='ltr'><strong>fluviales</strong></span> <span class='ocrx_word' id='word_1_29' title='bbox 1700 462 1835 510; x_wconf 82' lang='lat' dir='ltr'><strong>vivos</strong></span> 
     </span>
     <span class='ocr_line' id='line_1_6' title="bbox 146 531 1880 599; baseline 0 -16"><span class='ocrx_word' id='word_1_30' title='bbox 146 535 199 583; x_wconf 92' lang='lat' dir='ltr'><strong>in</strong></span> <span class='ocrx_word' id='word_1_31' title='bbox 238 532 333 582; x_wconf 89' lang='lat' dir='ltr'><strong>olla</strong></span> <span class='ocrx_word' id='word_1_32' title='bbox 371 547 514 581; x_wconf 89' lang='lat' dir='ltr'><strong>aerea</strong></span> <span class='ocrx_word' id='word_1_33' title='bbox 552 531 694 582; x_wconf 87' lang='lat' dir='ltr'>rubri</span> <span class='ocrx_word' id='word_1_34' title='bbox 741 534 870 582; x_wconf 89' lang='lat' dir='ltr'><strong>aeris</strong></span> <span class='ocrx_word' id='word_1_35' title='bbox 910 532 1172 583; x_wconf 87' lang='lat' dir='ltr'><strong>combures</strong></span> <span class='ocrx_word' id='word_1_36' title='bbox 1212 549 1362 599; x_wconf 87' lang='lat' dir='ltr'><strong>supra</strong></span> <span class='ocrx_word' id='word_1_37' title='bbox 1400 534 1639 584; x_wconf 88' lang='lat' dir='ltr'><strong>carbones</strong></span> <span class='ocrx_word' id='word_1_38' title='bbox 1678 534 1834 584; x_wconf 91' lang='lat' dir='ltr'><strong>donec</strong></span> <span class='ocrx_word' id='word_1_39' title='bbox 1858 545 1880 577; x_wconf 78' lang='lat'>5</span> 
     </span>
     <span class='ocr_line' id='line_1_7' title="bbox 147 606 1836 674; baseline 0 -18"><span class='ocrx_word' id='word_1_40' title='bbox 147 608 482 672; x_wconf 83' lang='lat' dir='ltr'><strong>cinerescant,</strong></span> <span class='ocrx_word' id='word_1_41' title='bbox 528 611 580 655; x_wconf 90' lang='lat' dir='ltr'><strong>et</strong></span> <span class='ocrx_word' id='word_1_42' title='bbox 628 606 876 671; x_wconf 85' lang='lat' dir='ltr'><strong>expendes</strong></span> <span class='ocrx_word' id='word_1_43' title='bbox 923 622 982 656; x_wconf 85' lang='lat' dir='ltr'><strong>ex</strong></span> <span class='ocrx_word' id='word_1_44' title='bbox 1029 609 1136 673; x_wconf 89' lang='lat' dir='ltr'><strong>ipsa</strong></span> <span class='ocrx_word' id='word_1_45' title='bbox 1182 606 1342 656; x_wconf 85' lang='lat' dir='ltr'><strong>favilla</strong></span> <span class='ocrx_word' id='word_1_46' title='bbox 1381 606 1637 657; x_wconf 81' lang='lat' dir='ltr'><strong>drachmas</strong></span> <span class='ocrx_word' id='word_1_47' title='bbox 1674 607 1739 674; x_wconf 88' lang='lat' dir='ltr'><strong>X,</strong></span> <span class='ocrx_word' id='word_1_48' title='bbox 1786 614 1836 657; x_wconf 88' lang='lat' dir='ltr'><strong>et</strong></span> 
     </span>
     <span class='ocr_line' id='line_1_8' title="bbox 147 679 1834 747; baseline 0 -17"><span class='ocrx_word' id='word_1_49' title='bbox 147 680 384 745; x_wconf 84' lang='lat' dir='ltr'><strong>adiunges</strong></span> <span class='ocrx_word' id='word_1_50' title='bbox 430 681 558 730; x_wconf 86' lang='lat' dir='ltr'><strong>turis</strong></span> <span class='ocrx_word' id='word_1_51' title='bbox 603 680 811 730; x_wconf 89' lang='lat' dir='ltr'><strong>masculi</strong></span> <span class='ocrx_word' id='word_1_52' title='bbox 857 679 917 730; x_wconf 68' lang='lat' dir='ltr'><strong>d?</strong></span> <span class='ocrx_word' id='word_1_53' title='bbox 961 680 1005 747; x_wconf 94' lang='lat' dir='ltr'><strong>I,</strong></span> <span class='ocrx_word' id='word_1_54' title='bbox 1051 682 1308 746; x_wconf 80' lang='lat' dir='ltr'><strong>gentianae</strong></span> <span class='ocrx_word' id='word_1_55' title='bbox 1355 687 1530 731; x_wconf 83' lang='lat' dir='ltr'><strong>tunsae</strong></span> <span class='ocrx_word' id='word_1_56' title='bbox 1571 688 1620 731; x_wconf 91' lang='lat' dir='ltr'><strong>et</strong></span> <span class='ocrx_word' id='word_1_57' title='bbox 1671 687 1834 731; x_wconf 84' lang='lat' dir='ltr'><strong>cretae</strong></span> 
     </span>
     <span class='ocr_line' id='line_1_9' title="bbox 147 753 1836 820; baseline 0 -16"><span class='ocrx_word' id='word_1_58' title='bbox 147 753 209 804; x_wconf 70' lang='lat' dir='ltr'><strong>d?</strong></span> <span class='ocrx_word' id='word_1_59' title='bbox 245 753 301 819; x_wconf 93' lang='lat' dir='ltr'><strong>V,</strong></span> <span class='ocrx_word' id='word_1_60' title='bbox 340 760 389 804; x_wconf 94' lang='lat' dir='ltr'><strong>et</strong></span> <span class='ocrx_word' id='word_1_61' title='bbox 427 753 605 803; x_wconf 86' lang='lat' dir='ltr'><strong>exinde</strong></span> <span class='ocrx_word' id='word_1_62' title='bbox 654 753 792 804; x_wconf 90' lang='lat' dir='ltr'><strong>dahis</strong></span> <span class='ocrx_word' id='word_1_63' title='bbox 831 753 1002 804; x_wconf 88' lang='lat' dir='ltr'><strong>bibere</strong></span> <span class='ocrx_word' id='word_1_64' title='bbox 1043 770 1157 805; x_wconf 86' lang='lat' dir='ltr'><strong>cum</strong></span> <span class='ocrx_word' id='word_1_65' title='bbox 1195 770 1347 820; x_wconf 86' lang='lat' dir='ltr'><strong>posca</strong></span> <span class='ocrx_word' id='word_1_66' title='bbox 1383 756 1564 804; x_wconf 90' lang='lat' dir='ltr'><strong>ieiunis</strong></span> <span class='ocrx_word' id='word_1_67' title='bbox 1601 769 1692 820; x_wconf 91' lang='lat' dir='ltr'><strong>per</strong></span> <span class='ocrx_word' id='word_1_68' title='bbox 1731 754 1836 804; x_wconf 90' lang='lat' dir='ltr'><strong>dies</strong></span> 
     </span>
     <span class='ocr_line' id='line_1_10' title="bbox 146 826 492 879; baseline -0.009 0"><span class='ocrx_word' id='word_1_69' title='bbox 146 843 355 879; x_wconf 87' lang='lat' dir='ltr'><strong>numero</strong></span> <span class='ocrx_word' id='word_1_70' title='bbox 394 826 492 877; x_wconf 86' lang='lat' dir='ltr'><strong>XL.</strong></span> 
     </span>
    </p>

    <p class='ocr_par' dir='ltr' id='par_1_4' title="bbox 142 901 1904 1706">
     <span class='ocr_line' id='line_1_11' title="bbox 310 901 1903 967; baseline 0 -17"><span class='ocrx_word' id='word_1_71' title='bbox 310 901 400 950; x_wconf 91' lang='lat' dir='ltr'><strong>alia</strong></span> <span class='ocrx_word' id='word_1_72' title='bbox 439 903 575 966; x_wconf 89' lang='lat' dir='ltr'><strong>potio</strong></span> <span class='ocrx_word' id='word_1_73' title='bbox 607 903 795 951; x_wconf 87' lang='lat' dir='ltr'><strong>rustica</strong></span> <span class='ocrx_word' id='word_1_74' title='bbox 834 901 1055 952; x_wconf 86' lang='lat' dir='ltr'><strong>fortioris</strong></span> <span class='ocrx_word' id='word_1_75' title='bbox 1084 904 1283 952; x_wconf 86' lang='lat' dir='ltr'><strong>virtutis</strong></span> <span class='ocrx_word' id='word_1_76' title='bbox 1323 917 1448 967; x_wconf 90' lang='lat' dir='ltr'><strong>quae</strong></span> <span class='ocrx_word' id='word_1_77' title='bbox 1487 917 1577 967; x_wconf 92' lang='lat' dir='ltr'><strong>per</strong></span> <span class='ocrx_word' id='word_1_78' title='bbox 1614 901 1834 951; x_wconf 89' lang='lat' dir='ltr'><strong>triduum</strong></span> <span class='ocrx_word' id='word_1_79' title='bbox 1859 913 1903 943; x_wconf 92' lang='lat'><strong>10</strong></span> 
     </span>
     <span class='ocr_line' id='line_1_12' title="bbox 146 975 1836 1042; baseline -0.001 -16"><span class='ocrx_word' id='word_1_80' title='bbox 146 976 291 1026; x_wconf 86' lang='lat' dir='ltr'><strong>datur</strong></span> <span class='ocrx_word' id='word_1_81' title='bbox 322 975 381 1025; x_wconf 92' lang='lat' dir='ltr'><strong>ad</strong></span> <span class='ocrx_word' id='word_1_82' title='bbox 414 989 637 1025; x_wconf 88' lang='lat' dir='ltr'><strong>morsum</strong></span> <span class='ocrx_word' id='word_1_83' title='bbox 669 977 806 1025; x_wconf 90' lang='lat' dir='ltr'><strong>canis</strong></span> <span class='ocrx_word' id='word_1_84' title='bbox 837 975 1009 1026; x_wconf 89' lang='lat' dir='ltr'><strong>rabidi.</strong></span> <span class='ocrx_word' id='word_1_85' title='bbox 1066 978 1175 1025; x_wconf 90' lang='lat' dir='ltr'><strong>cani</strong></span> <span class='ocrx_word' id='word_1_86' title='bbox 1206 978 1377 1042; x_wconf 89' lang='lat' dir='ltr'><strong>pecori</strong></span> <span class='ocrx_word' id='word_1_87' title='bbox 1407 975 1602 1025; x_wconf 90' lang='lat' dir='ltr'><strong>animali</strong></span> <span class='ocrx_word' id='word_1_88' title='bbox 1633 976 1836 1041; x_wconf 92' lang='lat' dir='ltr'><strong>homini,</strong></span> 
     </span>
     <span class='ocr_line' id='line_1_13' title="bbox 146 1049 1835 1115; baseline -0.001 -16"><span class='ocrx_word' id='word_1_89' title='bbox 146 1050 206 1099; x_wconf 90' lang='lat' dir='ltr'><strong>ad</strong></span> <span class='ocrx_word' id='word_1_90' title='bbox 245 1051 411 1099; x_wconf 88' lang='lat' dir='ltr'><strong>omnia</strong></span> <span class='ocrx_word' id='word_1_91' title='bbox 456 1050 525 1098; x_wconf 91' lang='lat' dir='ltr'><strong>ita</strong></span> <span class='ocrx_word' id='word_1_92' title='bbox 570 1049 723 1099; x_wconf 87' lang='lat' dir='ltr'><strong>facies</strong></span> <span class='ocrx_word' id='word_1_93' title='bbox 763 1057 813 1099; x_wconf 87' lang='lat' dir='ltr'><strong>et</strong></span> <span class='ocrx_word' id='word_1_94' title='bbox 858 1049 1010 1100; x_wconf 77' lang='lat' dir='ltr'><strong>dabis,</strong></span> <span class='ocrx_word' id='word_1_95' title='bbox 1082 1051 1248 1100; x_wconf 87' lang='lat' dir='ltr'><strong>mittes</strong></span> <span class='ocrx_word' id='word_1_96' title='bbox 1295 1051 1347 1099; x_wconf 93' lang='lat' dir='ltr'><strong>in</strong></span> <span class='ocrx_word' id='word_1_97' title='bbox 1392 1056 1559 1115; x_wconf 90' lang='lat' dir='ltr'><strong>partes</strong></span> <span class='ocrx_word' id='word_1_98' title='bbox 1597 1049 1642 1098; x_wconf 91' lang='lat'><strong>11</strong></span> <span class='ocrx_word' id='word_1_99' title='bbox 1681 1063 1835 1113; x_wconf 89' lang='lat' dir='ltr'><strong>aquae</strong></span> 
     </span>
     <span class='ocr_line' id='line_1_14' title="bbox 145 1121 1835 1187; baseline -0.001 -14"><span class='ocrx_word' id='word_1_100' title='bbox 145 1124 206 1173; x_wconf 92' lang='lat' dir='ltr'><strong>ad</strong></span> <span class='ocrx_word' id='word_1_101' title='bbox 244 1123 446 1173; x_wconf 90' lang='lat' dir='ltr'><strong>modum</strong></span> <span class='ocrx_word' id='word_1_102' title='bbox 491 1121 646 1172; x_wconf 88' lang='lat' dir='ltr'><strong>librae</strong></span> <span class='ocrx_word' id='word_1_103' title='bbox 700 1125 850 1174; x_wconf 86' lang='lat' dir='ltr'><strong>unius</strong></span> <span class='ocrx_word' id='word_1_104' title='bbox 889 1131 940 1173; x_wconf 92' lang='lat' dir='ltr'><strong>et</strong></span> <span class='ocrx_word' id='word_1_105' title='bbox 976 1126 1078 1174; x_wconf 89' lang='lat' dir='ltr'><strong>vini</strong></span> <span class='ocrx_word' id='word_1_106' title='bbox 1115 1125 1297 1174; x_wconf 87' lang='lat' dir='ltr'><strong>veteris</strong></span> <span class='ocrx_word' id='word_1_107' title='bbox 1349 1123 1598 1173; x_wconf 88' lang='lat' dir='ltr'><strong>dimidiam</strong></span> <span class='ocrx_word' id='word_1_108' title='bbox 1644 1129 1835 1187; x_wconf 89' lang='lat' dir='ltr'><strong>partem</strong></span> 
     </span>
     <span class='ocr_line' id='line_1_15' title="bbox 146 1196 1836 1265; baseline -0.002 -18"><span class='ocrx_word' id='word_1_109' title='bbox 146 1199 278 1247; x_wconf 87' lang='lat' dir='ltr'><strong>carei</strong></span> <span class='ocrx_word' id='word_1_110' title='bbox 332 1203 572 1262; x_wconf 89' lang='lat' dir='ltr'><strong>quantum</strong></span> <span class='ocrx_word' id='word_1_111' title='bbox 632 1199 888 1247; x_wconf 89' lang='lat' dir='ltr'><strong>tenuerint</strong></span> <span class='ocrx_word' id='word_1_112' title='bbox 932 1197 1024 1246; x_wconf 87' lang='lat'>1111</span> <span class='ocrx_word' id='word_1_113' title='bbox 1082 1198 1244 1265; x_wconf 85' lang='lat' dir='ltr'><strong>digiti,</strong></span> <span class='ocrx_word' id='word_1_114' title='bbox 1300 1198 1486 1247; x_wconf 88' lang='lat' dir='ltr'><strong>cumini</strong></span> <span class='ocrx_word' id='word_1_115' title='bbox 1531 1196 1836 1261; x_wconf 87' lang='lat' dir='ltr'><strong>tantundem,</strong></span> 
     </span>
     <span class='ocr_line' id='line_1_16' title="bbox 143 1267 1904 1338; baseline -0.002 -17"><span class='ocrx_word' id='word_1_116' title='bbox 143 1269 380 1321; x_wconf 87' lang='lat' dir='ltr'><strong>bacarum</strong></span> <span class='ocrx_word' id='word_1_117' title='bbox 417 1270 544 1320; x_wconf 89' lang='lat' dir='ltr'><strong>lauri</strong></span> <span class='ocrx_word' id='word_1_118' title='bbox 582 1285 730 1335; x_wconf 86' lang='lat' dir='ltr'><strong>grana</strong></span> <span class='ocrx_word' id='word_1_119' title='bbox 763 1271 826 1338; x_wconf 89' lang='lat' dir='ltr'><strong>V,</strong></span> <span class='ocrx_word' id='word_1_120' title='bbox 863 1271 1055 1321; x_wconf 89' lang='lat' dir='ltr'><strong>radices</strong></span> <span class='ocrx_word' id='word_1_121' title='bbox 1095 1271 1154 1320; x_wconf 94' lang='lat' dir='ltr'><strong>de</strong></span> <span class='ocrx_word' id='word_1_122' title='bbox 1189 1270 1470 1320; x_wconf 89' lang='lat' dir='ltr'><strong>cesisboum</strong></span> <span class='ocrx_word' id='word_1_123' title='bbox 1507 1269 1632 1320; x_wconf 89' lang='lat' dir='ltr'><strong>lotas</strong></span> <span class='ocrx_word' id='word_1_124' title='bbox 1669 1267 1710 1316; x_wconf 91' lang='lat' dir='ltr'>V</span> <span class='ocrx_word' id='word_1_125' title='bbox 1747 1270 1834 1318; x_wconf 90' lang='lat' dir='ltr'><strong>mi·</strong></span> <span class='ocrx_word' id='word_1_126' title='bbox 1861 1279 1904 1311; x_wconf 87' lang='lat'><strong>15</strong></span> 
     </span>
     <span class='ocr_line' id='line_1_17' title="bbox 142 1341 1836 1410; baseline -0.001 -17"><span class='ocrx_word' id='word_1_127' title='bbox 142 1360 294 1394; x_wconf 88' lang='lat' dir='ltr'><strong>nores</strong></span> <span class='ocrx_word' id='word_1_128' title='bbox 349 1359 475 1410; x_wconf 89' lang='lat' dir='ltr'><strong>quae</strong></span> <span class='ocrx_word' id='word_1_129' title='bbox 529 1346 722 1409; x_wconf 88' lang='lat' dir='ltr'><strong>possint</strong></span> <span class='ocrx_word' id='word_1_130' title='bbox 775 1344 959 1394; x_wconf 90' lang='lat' dir='ltr'><strong>hahere</strong></span> <span class='ocrx_word' id='word_1_131' title='bbox 1007 1344 1143 1409; x_wconf 69' lang='lat' dir='ltr'><strong>scrip</strong></span> <span class='ocrx_word' id='word_1_132' title='bbox 1182 1343 1354 1410; x_wconf 82' lang='lat' dir='ltr'><strong>VIIII,</strong></span> <span class='ocrx_word' id='word_1_133' title='bbox 1385 1342 1516 1409; x_wconf 90' lang='lat' dir='ltr'><strong>quod</strong></span> <span class='ocrx_word' id='word_1_134' title='bbox 1556 1341 1836 1393; x_wconf 87' lang='lat' dir='ltr'><strong>cesisboum</strong></span> 
     </span>
     <span class='ocr_line' id='line_1_18' title="bbox 142 1415 1838 1483; baseline -0.002 -16"><span class='ocrx_word' id='word_1_135' title='bbox 142 1417 293 1468; x_wconf 90' lang='lat' dir='ltr'><strong>habet</strong></span> <span class='ocrx_word' id='word_1_136' title='bbox 338 1418 454 1467; x_wconf 87' lang='lat' dir='ltr'><strong>folia</strong></span> <span class='ocrx_word' id='word_1_137' title='bbox 500 1417 677 1467; x_wconf 87' lang='lat' dir='ltr'><strong>similia</strong></span> <span class='ocrx_word' id='word_1_138' title='bbox 725 1418 956 1469; x_wconf 88' lang='lat' dir='ltr'><strong>feniculo.</strong></span> <span class='ocrx_word' id='word_1_139' title='bbox 1038 1433 1164 1483; x_wconf 86' lang='lat' dir='ltr'><strong>quae</strong></span> <span class='ocrx_word' id='word_1_140' title='bbox 1212 1425 1327 1468; x_wconf 89' lang='lat' dir='ltr'><strong>sunt</strong></span> <span class='ocrx_word' id='word_1_141' title='bbox 1374 1419 1504 1468; x_wconf 89' lang='lat' dir='ltr'><strong>sicca</strong></span> <span class='ocrx_word' id='word_1_142' title='bbox 1557 1415 1737 1466; x_wconf 88' lang='lat' dir='ltr'><strong>tundes</strong></span> <span class='ocrx_word' id='word_1_143' title='bbox 1788 1421 1838 1464; x_wconf 87' lang='lat' dir='ltr'><strong>et</strong></span> 
     </span>
     <span class='ocr_line' id='line_1_19' title="bbox 145 1490 1836 1559; baseline -0.003 -17"><span class='ocrx_word' id='word_1_144' title='bbox 145 1507 322 1542; x_wconf 89' lang='lat' dir='ltr'><strong>cernes</strong></span> <span class='ocrx_word' id='word_1_145' title='bbox 370 1498 420 1541; x_wconf 88' lang='lat' dir='ltr'><strong>et</strong></span> <span class='ocrx_word' id='word_1_146' title='bbox 465 1490 658 1541; x_wconf 89' lang='lat' dir='ltr'><strong>radices</strong></span> <span class='ocrx_word' id='word_1_147' title='bbox 705 1494 971 1557; x_wconf 87' lang='lat' dir='ltr'><strong>separatim</strong></span> <span class='ocrx_word' id='word_1_148' title='bbox 1019 1491 1224 1559; x_wconf 90' lang='lat' dir='ltr'><strong>tundes,</strong></span> <span class='ocrx_word' id='word_1_149' title='bbox 1275 1498 1325 1542; x_wconf 94' lang='lat' dir='ltr'><strong>et</strong></span> <span class='ocrx_word' id='word_1_150' title='bbox 1372 1493 1443 1541; x_wconf 89' lang='lat' dir='ltr'><strong>sic</strong></span> <span class='ocrx_word' id='word_1_151' title='bbox 1495 1492 1548 1540; x_wconf 88' lang='lat' dir='ltr'><strong>in</strong></span> <span class='ocrx_word' id='word_1_152' title='bbox 1602 1491 1836 1539; x_wconf 88' lang='lat' dir='ltr'><strong>mortario</strong></span> 
     </span>
     <span class='ocr_line' id='line_1_20' title="bbox 146 1564 1835 1630; baseline -0.003 -14"><span class='ocrx_word' id='word_1_153' title='bbox 146 1564 293 1616; x_wconf 89' lang='lat' dir='ltr'><strong>simul</strong></span> <span class='ocrx_word' id='word_1_154' title='bbox 330 1567 444 1614; x_wconf 86' lang='lat' dir='ltr'><strong>vino</strong></span> <span class='ocrx_word' id='word_1_155' title='bbox 484 1564 678 1615; x_wconf 89' lang='lat' dir='ltr'><strong>adiecto</strong></span> <span class='ocrx_word' id='word_1_156' title='bbox 718 1566 912 1615; x_wconf 90' lang='lat' dir='ltr'><strong>modico</strong></span> <span class='ocrx_word' id='word_1_157' title='bbox 953 1581 1091 1616; x_wconf 91' lang='lat' dir='ltr'><strong>mero</strong></span> <span class='ocrx_word' id='word_1_158' title='bbox 1131 1581 1292 1630; x_wconf 91' lang='lat' dir='ltr'><strong>usque</strong></span> <span class='ocrx_word' id='word_1_159' title='bbox 1324 1565 1383 1615; x_wconf 90' lang='lat' dir='ltr'><strong>ad</strong></span> <span class='ocrx_word' id='word_1_160' title='bbox 1415 1565 1638 1615; x_wconf 87' lang='lat' dir='ltr'><strong>ultimam</strong></span> <span class='ocrx_word' id='word_1_161' title='bbox 1675 1564 1835 1613; x_wconf 88' lang='lat' dir='ltr'><strong>tenui-</strong></span> 
     </span>
     <span class='ocr_line' id='line_1_21' title="bbox 143 1639 1903 1706; baseline -0.002 -17"><span class='ocrx_word' id='word_1_162' title='bbox 143 1645 294 1689; x_wconf 87' lang='lat' dir='ltr'><strong>tatem</strong></span> <span class='ocrx_word' id='word_1_163' title='bbox 335 1645 590 1706; x_wconf 80' lang='lat' dir='ltr'><strong>contereS,</strong></span> <span class='ocrx_word' id='word_1_164' title='bbox 639 1645 689 1688; x_wconf 88' lang='lat' dir='ltr'><strong>et</strong></span> <span class='ocrx_word' id='word_1_165' title='bbox 728 1654 925 1690; x_wconf 91' lang='lat' dir='ltr'><strong>omnem</strong></span> <span class='ocrx_word' id='word_1_166' title='bbox 963 1639 1223 1689; x_wconf 91' lang='lat' dir='ltr'><strong>humorem</strong></span> <span class='ocrx_word' id='word_1_167' title='bbox 1261 1641 1362 1688; x_wconf 90' lang='lat' dir='ltr'><strong>sive</strong></span> <span class='ocrx_word' id='word_1_168' title='bbox 1401 1639 1501 1687; x_wconf 88' lang='lat' dir='ltr'><strong>vini</strong></span> <span class='ocrx_word' id='word_1_169' title='bbox 1541 1639 1641 1686; x_wconf 88' lang='lat' dir='ltr'><strong>sive</strong></span> <span class='ocrx_word' id='word_1_170' title='bbox 1681 1651 1834 1701; x_wconf 89' lang='lat' dir='ltr'><strong>aquae</strong></span> <span class='ocrx_word' id='word_1_171' title='bbox 1859 1645 1903 1677; x_wconf 79' lang='lat'><strong>20</strong></span> 
     </span>
    </p>
   </div>
   <div class='ocr_carea' id='block_1_3' title="bbox 140 1808 1838 2162">
    <p class='ocr_par' dir='ltr' id='par_1_5' title="bbox 140 1808 1838 2162">
     <span class='ocr_line' id='line_1_22' title="bbox 268 1808 1835 1865; baseline -0.002 -11"><span class='ocrx_word' id='word_1_172' title='bbox 268 1816 291 1854; x_wconf 91' lang='lat'>1</span> <span class='ocrx_word' id='word_1_173' title='bbox 325 1811 407 1854; x_wconf 85' lang='lat' dir='ltr'><strong>sed</strong></span> <span class='ocrx_word' id='word_1_174' title='bbox 444 1809 724 1854; x_wconf 79' lang='lat' dir='ltr'><strong>intrinsecus</strong></span> <span class='ocrx_word' id='word_1_175' title='bbox 764 1824 846 1855; x_wconf 89' lang='lat' dir='ltr'><strong>om.</strong></span> <span class='ocrx_word' id='word_1_176' title='bbox 880 1815 975 1856; x_wconf 76' lang='lat' dir='ltr'><strong>cet</strong></span> <span class='ocrx_word' id='word_1_177' title='bbox 1005 1814 1109 1854; x_wconf 81' lang='lat' dir='ltr'><strong>ante</strong></span> <span class='ocrx_word' id='word_1_178' title='bbox 1148 1822 1261 1855; x_wconf 82' lang='lat' dir='ltr'><strong>corr.</strong></span> <span class='ocrx_word' id='word_1_179' title='bbox 1294 1822 1352 1865; x_wconf 92' lang='grc' dir='ltr'><em>Ρ,</em></span> <span class='ocrx_word' id='word_1_180' title='bbox 1392 1809 1498 1853; x_wconf 83' lang='lat' dir='ltr'><strong>add.</strong></span> <span class='ocrx_word' id='word_1_181' title='bbox 1523 1812 1582 1864; x_wconf 71' lang='lat'><strong>120</strong></span> <span class='ocrx_word' id='word_1_182' title='bbox 1611 1808 1664 1852; x_wconf 76' lang='lat' dir='ltr'><strong>in</strong></span> <span class='ocrx_word' id='word_1_183' title='bbox 1693 1821 1835 1863; x_wconf 76' lang='lat' dir='ltr'><strong>mary.</strong></span> 
     </span>
     <span class='ocr_line' id='line_1_23' title="bbox 147 1866 1838 1925; baseline -0.003 -11"><span class='ocrx_word' id='word_1_184' title='bbox 147 1868 288 1914; x_wconf 82' lang='lat' dir='ltr'><strong>certis</strong></span> <span class='ocrx_word' id='word_1_185' title='bbox 319 1883 363 1913; x_wconf 84' lang='lat' dir='ltr'><strong>c:</strong></span> <span class='ocrx_word' id='word_1_186' title='bbox 397 1868 564 1913; x_wconf 83' lang='lat' dir='ltr'><strong>ceteris</strong></span> <span class='ocrx_word' id='word_1_187' title='bbox 588 1883 638 1925; x_wconf 91' lang='grc' dir='ltr'><em>Ρ.</em></span> <span class='ocrx_word' id='word_1_188' title='bbox 762 1874 789 1914; x_wconf 78' lang='lat'><strong>2</strong></span> <span class='ocrx_word' id='word_1_189' title='bbox 816 1869 909 1914; x_wconf 78' lang='lat' dir='ltr'><strong>isra</strong></span> <span class='ocrx_word' id='word_1_190' title='bbox 938 1882 987 1923; x_wconf 83' lang='lat' dir='ltr'><strong>c,</strong></span> <span class='ocrx_word' id='word_1_191' title='bbox 1017 1874 1038 1912; x_wconf 79' lang='lat' dir='ltr'><strong>i</strong></span> <span class='ocrx_word' id='word_1_192' title='bbox 1066 1869 1170 1924; x_wconf 81' lang='lat' dir='ltr'><strong>(sic)</strong></span> <span class='ocrx_word' id='word_1_193' title='bbox 1200 1882 1247 1925; x_wconf 89' lang='grc' dir='ltr'><em>Ρ.</em></span> <span class='ocrx_word' id='word_1_194' title='bbox 1368 1866 1555 1912; x_wconf 78' lang='lat' dir='ltr'><strong>rabidos</strong></span> <span class='ocrx_word' id='word_1_195' title='bbox 1588 1880 1625 1911; x_wconf 89' lang='lat' dir='ltr'><strong>c.</strong></span> <span class='ocrx_word' id='word_1_196' title='bbox 1656 1880 1838 1910; x_wconf 80' lang='lat' dir='ltr'><strong>morsus</strong></span> 
     </span>
     <span class='ocr_line' id='line_1_24' title="bbox 147 1925 1838 1985; baseline -0.003 -12"><span class='ocrx_word' id='word_1_197' title='bbox 147 1942 191 1984; x_wconf 85' lang='lat' dir='ltr'><strong>c,</strong></span> <span class='ocrx_word' id='word_1_198' title='bbox 229 1927 385 1972; x_wconf 85' lang='lat' dir='ltr'><strong>rabidi</strong></span> <span class='ocrx_word' id='word_1_199' title='bbox 426 1942 462 1973; x_wconf 90' lang='lat' dir='ltr'><strong>c.</strong></span> <span class='ocrx_word' id='word_1_200' title='bbox 502 1941 710 1972; x_wconf 80' lang='lat' dir='ltr'><strong>morsum</strong></span> <span class='ocrx_word' id='word_1_201' title='bbox 740 1942 792 1985; x_wconf 91' lang='grc' dir='ltr'><em>Ρ.</em></span> <span class='ocrx_word' id='word_1_202' title='bbox 943 1933 970 1972; x_wconf 89' lang='lat'><strong>3</strong></span> <span class='ocrx_word' id='word_1_203' title='bbox 1004 1927 1184 1972; x_wconf 78' lang='lat' dir='ltr'><strong>curabis</strong></span> <span class='ocrx_word' id='word_1_204' title='bbox 1223 1941 1264 1971; x_wconf 87' lang='lat' dir='ltr'><strong>e:</strong></span> <span class='ocrx_word' id='word_1_205' title='bbox 1309 1926 1494 1970; x_wconf 84' lang='lat' dir='ltr'><strong>sanabis</strong></span> <span class='ocrx_word' id='word_1_206' title='bbox 1517 1939 1567 1982; x_wconf 93' lang='grc' dir='ltr'><em>Ρ.</em></span> <span class='ocrx_word' id='word_1_207' title='bbox 1718 1929 1746 1968; x_wconf 87' lang='grc'>4</span> <span class='ocrx_word' id='word_1_208' title='bbox 1777 1925 1838 1968; x_wconf 84' lang='lat' dir='ltr'><strong>ad</strong></span> 
     </span>
     <span class='ocr_line' id='line_1_25' title="bbox 144 1982 1838 2044; baseline -0.002 -13"><span class='ocrx_word' id='word_1_209' title='bbox 144 2000 353 2031; x_wconf 84' lang='lat' dir='ltr'><strong>morsum</strong></span> <span class='ocrx_word' id='word_1_210' title='bbox 385 2001 423 2031; x_wconf 89' lang='lat' dir='ltr'><strong>c.</strong></span> <span class='ocrx_word' id='word_1_211' title='bbox 455 1986 607 2031; x_wconf 84' lang='lat' dir='ltr'><strong>rabidi</strong></span> <span class='ocrx_word' id='word_1_212' title='bbox 633 2001 695 2044; x_wconf 89' lang='grc' dir='ltr'><em>Ρ,</em></span> <span class='ocrx_word' id='word_1_213' title='bbox 727 1987 788 2032; x_wconf 84' lang='lat' dir='ltr'><strong>ad</strong></span> <span class='ocrx_word' id='word_1_214' title='bbox 820 1987 946 2032; x_wconf 80' lang='lat' dir='ltr'><strong>canis</strong></span> <span class='ocrx_word' id='word_1_215' title='bbox 977 2000 1182 2031; x_wconf 81' lang='lat' dir='ltr'><strong>morsum</strong></span> <span class='ocrx_word' id='word_1_216' title='bbox 1214 1989 1313 2043; x_wconf 87' lang='lat' dir='ltr'><strong>(om.</strong></span> <span class='ocrx_word' id='word_1_217' title='bbox 1338 1986 1394 2042; x_wconf 85' lang='lat' dir='ltr'><strong>r.)</strong></span> <span class='ocrx_word' id='word_1_218' title='bbox 1420 1998 1455 2029; x_wconf 84' lang='lat' dir='ltr'><strong>e.</strong></span> <span class='ocrx_word' id='word_1_219' title='bbox 1576 1982 1838 2028; x_wconf 83' lang='lat' dir='ltr'><strong>fluminales</strong></span> 
     </span>
     <span class='ocr_line' id='line_1_26' title="bbox 140 2042 1836 2104; baseline -0.002 -14"><span class='ocrx_word' id='word_1_220' title='bbox 140 2060 191 2104; x_wconf 92' lang='grc' dir='ltr'><em>Ρ.</em></span> <span class='ocrx_word' id='word_1_221' title='bbox 346 2050 372 2090; x_wconf 84' lang='grc'><strong>5</strong></span> <span class='ocrx_word' id='word_1_222' title='bbox 412 2059 519 2090; x_wconf 83' lang='lat' dir='ltr'><strong>erea</strong></span> <span class='ocrx_word' id='word_1_223' title='bbox 556 2059 640 2092; x_wconf 89' lang='lat' dir='ltr'><strong>om.</strong></span> <span class='ocrx_word' id='word_1_224' title='bbox 678 2060 713 2092; x_wconf 85' lang='lat' dir='ltr'><strong>c.</strong></span> <span class='ocrx_word' id='word_1_225' title='bbox 864 2045 1003 2102; x_wconf 84' lang='lat' dir='ltr'><strong>rubpi</strong></span> <span class='ocrx_word' id='word_1_226' title='bbox 1034 2045 1151 2090; x_wconf 85' lang='lat' dir='ltr'><strong>ceris</strong></span> <span class='ocrx_word' id='word_1_227' title='bbox 1182 2058 1224 2100; x_wconf 85' lang='lat' dir='ltr'><strong>c,</strong></span> <span class='ocrx_word' id='word_1_228' title='bbox 1264 2042 1364 2088; x_wconf 86' lang='lat' dir='ltr'><strong>rub&#39;</strong></span> <span class='ocrx_word' id='word_1_229' title='bbox 1398 2044 1488 2088; x_wconf 84' lang='lat' dir='ltr'><strong>eris</strong></span> <span class='ocrx_word' id='word_1_230' title='bbox 1513 2058 1563 2101; x_wconf 93' lang='grc' dir='ltr'><em>Ρ.</em></span> <span class='ocrx_word' id='word_1_231' title='bbox 1714 2056 1836 2087; x_wconf 88' lang='lat' dir='ltr'><strong>com-</strong></span> 
     </span>
     <span class='ocr_line' id='line_1_27' title="bbox 145 2101 1837 2162; baseline -0.003 -12"><span class='ocrx_word' id='word_1_232' title='bbox 145 2106 275 2150; x_wconf 82' lang='lat' dir='ltr'><strong>buris</strong></span> <span class='ocrx_word' id='word_1_233' title='bbox 308 2119 354 2160; x_wconf 78' lang='grc' dir='ltr'><strong>ο,</strong></span> <span class='ocrx_word' id='word_1_234' title='bbox 393 2110 526 2149; x_wconf 76' lang='lat' dir='ltr'><strong>—res</strong></span> <span class='ocrx_word' id='word_1_235' title='bbox 550 2118 600 2161; x_wconf 90' lang='grc' dir='ltr'><em>Ρ.</em></span> <span class='ocrx_word' id='word_1_236' title='bbox 755 2111 781 2149; x_wconf 88' lang='grc'><strong>6</strong></span> <span class='ocrx_word' id='word_1_237' title='bbox 820 2105 1032 2162; x_wconf 84' lang='lat' dir='ltr'><strong>expenda.</strong></span> <span class='ocrx_word' id='word_1_238' title='bbox 1070 2106 1175 2160; x_wconf 76' lang='lat' dir='ltr'><strong>(sic)</strong></span> <span class='ocrx_word' id='word_1_239' title='bbox 1205 2117 1248 2149; x_wconf 84' lang='lat' dir='ltr'><strong>c:</strong></span> <span class='ocrx_word' id='word_1_240' title='bbox 1287 2102 1429 2148; x_wconf 74' lang='lat' dir='ltr'><strong>tolles</strong></span> <span class='ocrx_word' id='word_1_241' title='bbox 1459 2116 1510 2159; x_wconf 90' lang='grc' dir='ltr'><em>Ρ.</em></span> <span class='ocrx_word' id='word_1_242' title='bbox 1666 2105 1691 2151; x_wconf 76' lang='lat'>3</span> <span class='ocrx_word' id='word_1_243' title='bbox 1725 2101 1768 2145; x_wconf 89' lang='lat' dir='ltr'>X</span> <span class='ocrx_word' id='word_1_244' title='bbox 1799 2115 1837 2157; x_wconf 85' lang='lat' dir='ltr'><strong>c,</strong></span> 
     </span>
    </p>
   </div>
   <div class='ocr_carea' id='block_1_4' title="bbox 146 2191 1836 2429">
    <p class='ocr_par' dir='ltr' id='par_1_6' title="bbox 146 2191 1836 2429">
     <span class='ocr_line' id='line_1_28' title="bbox 146 2191 1834 2253; baseline -0.004 -13"><span class='ocrx_word' id='word_1_245' title='bbox 146 2196 239 2253; x_wconf 59' lang='lat' dir='ltr'><strong>dag</strong></span> <span class='ocrx_word' id='word_1_246' title='bbox 269 2195 312 2238; x_wconf 91' lang='lat' dir='ltr'>X</span> <span class='ocrx_word' id='word_1_247' title='bbox 335 2208 387 2250; x_wconf 93' lang='grc' dir='ltr'><em>Ρ.</em></span> <span class='ocrx_word' id='word_1_248' title='bbox 512 2198 536 2237; x_wconf 81' lang='grc'><strong>7</strong></span> <span class='ocrx_word' id='word_1_249' title='bbox 569 2193 624 2238; x_wconf 70' lang='lat' dir='ltr'><strong>di·</strong></span> <span class='ocrx_word' id='word_1_250' title='bbox 653 2195 687 2238; x_wconf 93' lang='grc' dir='ltr'><strong>Ι.</strong></span> <span class='ocrx_word' id='word_1_251' title='bbox 712 2208 765 2251; x_wconf 73' lang='lat'><strong>1⁰,</strong></span> <span class='ocrx_word' id='word_1_252' title='bbox 795 2198 825 2245; x_wconf 84' lang='lat'>3</span> <span class='ocrx_word' id='word_1_253' title='bbox 855 2195 876 2238; x_wconf 96' lang='lat' dir='ltr'>I</span> <span class='ocrx_word' id='word_1_254' title='bbox 908 2207 944 2238; x_wconf 86' lang='lat' dir='ltr'><strong>c.</strong></span> <span class='ocrx_word' id='word_1_255' title='bbox 1064 2194 1202 2237; x_wconf 78' lang='lat' dir='ltr'><strong>tunse</strong></span> <span class='ocrx_word' id='word_1_256' title='bbox 1234 2206 1277 2247; x_wconf 85' lang='lat' dir='ltr'><strong>c,</strong></span> <span class='ocrx_word' id='word_1_257' title='bbox 1313 2194 1417 2237; x_wconf 77' lang='lat' dir='ltr'><strong>tuse</strong></span> <span class='ocrx_word' id='word_1_258' title='bbox 1441 2205 1478 2247; x_wconf 85' lang='grc' dir='ltr'><em>Ρ</em></span> <span class='ocrx_word' id='word_1_259' title='bbox 1511 2192 1719 2247; x_wconf 75' lang='lat' dir='ltr'><strong>(contuse</strong></span> <span class='ocrx_word' id='word_1_260' title='bbox 1744 2191 1834 2246; x_wconf 66' lang='lat' dir='ltr'><strong>pc).</strong></span> 
     </span>
     <span class='ocr_line' id='line_1_29' title="bbox 147 2248 1833 2310; baseline -0.005 -9"><span class='ocrx_word' id='word_1_261' title='bbox 147 2261 174 2301; x_wconf 91' lang='lat'>8</span> <span class='ocrx_word' id='word_1_262' title='bbox 206 2256 275 2300; x_wconf 69' lang='lat' dir='ltr'><strong>df.</strong></span> <span class='ocrx_word' id='word_1_263' title='bbox 306 2252 363 2299; x_wconf 92' lang='lat' dir='ltr'><strong>V.</strong></span> <span class='ocrx_word' id='word_1_264' title='bbox 388 2266 448 2309; x_wconf 97' lang='grc' dir='ltr'><em>Ρ,</em></span> <span class='ocrx_word' id='word_1_265' title='bbox 479 2257 509 2303; x_wconf 80' lang='grc'>5</span> <span class='ocrx_word' id='word_1_266' title='bbox 538 2252 595 2298; x_wconf 89' lang='lat' dir='ltr'><strong>V.</strong></span> <span class='ocrx_word' id='word_1_267' title='bbox 628 2266 664 2298; x_wconf 86' lang='lat' dir='ltr'><strong>c.</strong></span> <span class='ocrx_word' id='word_1_268' title='bbox 788 2259 813 2298; x_wconf 88' lang='grc'><strong>9</strong></span> <span class='ocrx_word' id='word_1_269' title='bbox 845 2265 1037 2297; x_wconf 87' lang='lat' dir='ltr'><strong>numero</strong></span> <span class='ocrx_word' id='word_1_270' title='bbox 1060 2266 1119 2310; x_wconf 75' lang='lat' dir='ltr'><strong>p:</strong></span> <span class='ocrx_word' id='word_1_271' title='bbox 1156 2264 1239 2295; x_wconf 88' lang='lat' dir='ltr'><strong>om.</strong></span> <span class='ocrx_word' id='word_1_272' title='bbox 1274 2265 1310 2296; x_wconf 83' lang='lat' dir='ltr'><strong>c.</strong></span> <span class='ocrx_word' id='word_1_273' title='bbox 1429 2250 1509 2294; x_wconf 89' lang='lat' dir='ltr'><strong>XL</strong></span> <span class='ocrx_word' id='word_1_274' title='bbox 1543 2264 1585 2295; x_wconf 83' lang='lat' dir='ltr'><strong>c:</strong></span> <span class='ocrx_word' id='word_1_275' title='bbox 1618 2248 1758 2294; x_wconf 84' lang='lat' dir='ltr'><strong>XXX.</strong></span> <span class='ocrx_word' id='word_1_276' title='bbox 1784 2262 1833 2304; x_wconf 89' lang='grc' dir='ltr'><em>Ρ.</em></span> 
     </span>
     <span class='ocr_line' id='line_1_30' title="bbox 148 2307 1829 2374; baseline -0.005 -15"><span class='ocrx_word' id='word_1_277' title='bbox 148 2320 203 2359; x_wconf 92' lang='grc'><strong>11</strong></span> <span class='ocrx_word' id='word_1_278' title='bbox 231 2312 335 2359; x_wconf 82' lang='lat' dir='ltr'><strong>cani</strong></span> <span class='ocrx_word' id='word_1_279' title='bbox 357 2310 518 2370; x_wconf 89' lang='lat' dir='ltr'><strong>pecori</strong></span> <span class='ocrx_word' id='word_1_280' title='bbox 540 2325 585 2356; x_wconf 82' lang='lat' dir='ltr'><strong>c:</strong></span> <span class='ocrx_word' id='word_1_281' title='bbox 612 2312 739 2357; x_wconf 84' lang='lat' dir='ltr'><strong>canis</strong></span> <span class='ocrx_word' id='word_1_282' title='bbox 761 2312 966 2370; x_wconf 83' lang='lat' dir='ltr'><strong>pectoris</strong></span> <span class='ocrx_word' id='word_1_283' title='bbox 981 2326 1032 2368; x_wconf 90' lang='grc' dir='ltr'><strong>Ρ.</strong></span> <span class='ocrx_word' id='word_1_284' title='bbox 1151 2315 1204 2354; x_wconf 82' lang='grc'><strong>12</strong></span> <span class='ocrx_word' id='word_1_285' title='bbox 1227 2310 1344 2355; x_wconf 81' lang='lat' dir='ltr'><strong>facis</strong></span> <span class='ocrx_word' id='word_1_286' title='bbox 1369 2323 1437 2366; x_wconf 78' lang='grc' dir='ltr'><em>σΡ.</em></span> <span class='ocrx_word' id='word_1_287' title='bbox 1551 2310 1599 2353; x_wconf 79' lang='lat' dir='ltr'><strong>et</strong></span> <span class='ocrx_word' id='word_1_288' title='bbox 1621 2307 1770 2352; x_wconf 76' lang='lat' dir='ltr'><strong>mittis</strong></span> <span class='ocrx_word' id='word_1_289' title='bbox 1795 2320 1829 2374; x_wconf 72' lang='grc' dir='ltr'><strong>ς.</strong></span> 
     </span>
     <span class='ocr_line' id='line_1_31' title="bbox 147 2367 1836 2429; baseline -0.005 -12"><span class='ocrx_word' id='word_1_290' title='bbox 147 2373 206 2417; x_wconf 91' lang='grc' dir='ltr'><strong>Π.</strong></span> <span class='ocrx_word' id='word_1_291' title='bbox 238 2373 396 2429; x_wconf 75' lang='lat' dir='ltr'><strong>partes</strong></span> <span class='ocrx_word' id='word_1_292' title='bbox 428 2384 548 2426; x_wconf 84' lang='lat' dir='ltr'><strong>aque</strong></span> <span class='ocrx_word' id='word_1_293' title='bbox 570 2384 630 2428; x_wconf 77' lang='lat' dir='ltr'><strong>p:</strong></span> <span class='ocrx_word' id='word_1_294' title='bbox 663 2372 714 2416; x_wconf 88' lang='lat' dir='ltr'><strong>in</strong></span> <span class='ocrx_word' id='word_1_295' title='bbox 743 2374 903 2429; x_wconf 82' lang='lat' dir='ltr'><strong>partes</strong></span> <span class='ocrx_word' id='word_1_296' title='bbox 932 2371 976 2417; x_wconf 93' lang='lat' dir='ltr'><strong>II</strong></span> <span class='ocrx_word' id='word_1_297' title='bbox 1006 2373 1147 2427; x_wconf 80' lang='lat' dir='ltr'><strong>atque</strong></span> <span class='ocrx_word' id='word_1_298' title='bbox 1179 2383 1214 2414; x_wconf 81' lang='lat' dir='ltr'><strong>c.</strong></span> <span class='ocrx_word' id='word_1_299' title='bbox 1376 2374 1428 2412; x_wconf 89' lang='lat'><strong>13</strong></span> <span class='ocrx_word' id='word_1_300' title='bbox 1461 2369 1508 2412; x_wconf 73' lang='lat' dir='ltr'><strong>et</strong></span> <span class='ocrx_word' id='word_1_301' title='bbox 1537 2367 1635 2412; x_wconf 86' lang='lat' dir='ltr'><strong>vini</strong></span> <span class='ocrx_word' id='word_1_302' title='bbox 1664 2367 1836 2413; x_wconf 81' lang='lat' dir='ltr'><strong>veteris</strong></span> 
     </span>
    </p>
   </div>
   <div class='ocr_carea' id='block_1_5' title="bbox 147 2434 1835 2634">
    <p class='ocr_par' dir='ltr' id='par_1_7' title="bbox 147 2434 1835 2634">
     <span class='ocr_line' id='line_1_32' title="bbox 147 2434 1835 2502; baseline -0.007 -10"><span class='ocrx_word' id='word_1_303' title='bbox 147 2461 232 2492; x_wconf 82' lang='lat' dir='ltr'><strong>om.</strong></span> <span class='ocrx_word' id='word_1_304' title='bbox 265 2460 300 2491; x_wconf 82' lang='lat' dir='ltr'><strong>e.</strong></span> <span class='ocrx_word' id='word_1_305' title='bbox 358 2477 360 2479; x_wconf 53' lang='lat'>&gt;</span> <span class='ocrx_word' id='word_1_306' title='bbox 483 2449 540 2488; x_wconf 86' lang='lat'><strong>14</strong></span> <span class='ocrx_word' id='word_1_307' title='bbox 571 2450 711 2489; x_wconf 73' lang='lat' dir='ltr'><strong>caresi</strong></span> <span class='ocrx_word' id='word_1_308' title='bbox 743 2447 891 2502; x_wconf 67' lang='lat' dir='ltr'><strong>quatu</strong></span> <span class='ocrx_word' id='word_1_309' title='bbox 923 2459 966 2499; x_wconf 86' lang='lat' dir='ltr'><strong>c,</strong></span> <span class='ocrx_word' id='word_1_310' title='bbox 1007 2441 1113 2489; x_wconf 65' lang='lat' dir='ltr'><strong>ca&#39;ssu</strong></span> <span class='ocrx_word' id='word_1_311' title='bbox 1142 2434 1223 2501; x_wconf 55' lang='lat' dir='ltr'><strong>{a</strong></span> <span class='ocrx_word' id='word_1_312' title='bbox 1256 2457 1291 2500; x_wconf 91' lang='grc' dir='ltr'><em>Ρ</em></span> <span class='ocrx_word' id='word_1_313' title='bbox 1331 2444 1400 2498; x_wconf 74' lang='lat' dir='ltr'><strong>(i‘n</strong></span> <span class='ocrx_word' id='word_1_314' title='bbox 1436 2454 1578 2497; x_wconf 78' lang='lat' dir='ltr'><strong>mary.</strong></span> <span class='ocrx_word' id='word_1_315' title='bbox 1610 2444 1668 2496; x_wconf 68' lang='lat' dir='ltr'><strong>Pe</strong></span> <span class='ocrx_word' id='word_1_316' title='bbox 1698 2442 1835 2482; x_wconf 72' lang='lat' dir='ltr'><strong>oar-esi</strong></span> 
     </span>
     <span class='ocr_line' id='line_1_33' title="bbox 149 2506 1835 2577; baseline -0.006 -13"><span class='ocrx_word' id='word_1_317' title='bbox 149 2509 264 2577; x_wconf 63' lang='grc' dir='ltr'><strong>ξὴῆ).</strong></span> <span class='ocrx_word' id='word_1_318' title='bbox 389 2522 443 2563; x_wconf 85' lang='grc'><strong>15</strong></span> <span class='ocrx_word' id='word_1_319' title='bbox 469 2519 716 2563; x_wconf 81' lang='lat' dir='ltr'><strong>baccarum</strong></span> <span class='ocrx_word' id='word_1_320' title='bbox 740 2533 784 2576; x_wconf 81' lang='lat' dir='ltr'><strong>e,</strong></span> <span class='ocrx_word' id='word_1_321' title='bbox 814 2519 956 2563; x_wconf 83' lang='lat' dir='ltr'><strong>bacas</strong></span> <span class='ocrx_word' id='word_1_322' title='bbox 972 2532 1024 2575; x_wconf 90' lang='grc' dir='ltr'><strong>Ρ.</strong></span> <span class='ocrx_word' id='word_1_323' title='bbox 1145 2506 1293 2575; x_wconf 62' lang='lat' dir='ltr'><strong>grana,</strong></span> <span class='ocrx_word' id='word_1_324' title='bbox 1315 2516 1357 2559; x_wconf 95' lang='lat' dir='ltr'><strong>V</strong></span> <span class='ocrx_word' id='word_1_325' title='bbox 1378 2529 1435 2571; x_wconf 77' lang='lat' dir='ltr'><strong>p:</strong></span> <span class='ocrx_word' id='word_1_326' title='bbox 1476 2516 1499 2563; x_wconf 82' lang='lat'><em>3</em></span> <span class='ocrx_word' id='word_1_327' title='bbox 1532 2513 1588 2557; x_wconf 87' lang='lat' dir='ltr'><strong>V.</strong></span> <span class='ocrx_word' id='word_1_328' title='bbox 1621 2527 1655 2557; x_wconf 87' lang='lat' dir='ltr'><strong>c.</strong></span> <span class='ocrx_word' id='word_1_329' title='bbox 1777 2511 1835 2554; x_wconf 89' lang='lat' dir='ltr'><strong>de</strong></span> 
     </span>
     <span class='ocr_line' id='line_1_34' title="bbox 149 2573 1833 2634; baseline -0.007 -11"><span class='ocrx_word' id='word_1_330' title='bbox 149 2578 279 2624; x_wconf 81' lang='lat' dir='ltr'><strong>ceffis</strong></span> <span class='ocrx_word' id='word_1_331' title='bbox 302 2578 386 2623; x_wconf 77' lang='lat' dir='ltr'><strong>boi</strong></span> <span class='ocrx_word' id='word_1_332' title='bbox 416 2577 604 2622; x_wconf 80' lang='lat' dir='ltr'><strong>milotos</strong></span> <span class='ocrx_word' id='word_1_333' title='bbox 635 2591 679 2634; x_wconf 87' lang='lat' dir='ltr'><strong>c,</strong></span> <span class='ocrx_word' id='word_1_334' title='bbox 712 2578 769 2623; x_wconf 86' lang='lat' dir='ltr'><strong>de</strong></span> <span class='ocrx_word' id='word_1_335' title='bbox 801 2578 916 2623; x_wconf 81' lang='lat' dir='ltr'><strong>cesis</strong></span> <span class='ocrx_word' id='word_1_336' title='bbox 947 2577 1091 2622; x_wconf 87' lang='lat' dir='ltr'><strong>boinu</strong></span> <span class='ocrx_word' id='word_1_337' title='bbox 1121 2577 1243 2621; x_wconf 80' lang='lat' dir='ltr'><strong>lotas</strong></span> <span class='ocrx_word' id='word_1_338' title='bbox 1269 2589 1305 2631; x_wconf 89' lang='grc' dir='ltr'><em>Ρ</em></span> <span class='ocrx_word' id='word_1_339' title='bbox 1329 2574 1473 2631; x_wconf 82' lang='grc' dir='ltr'>(χέσις</span> <span class='ocrx_word' id='word_1_340' title='bbox 1496 2573 1663 2632; x_wconf 71' lang='grc' dir='ltr'>βοῶν’ἓ)</span> <span class='ocrx_word' id='word_1_341' title='bbox 1779 2574 1833 2612; x_wconf 85' lang='grc'><strong>16</strong></span> 
     </span>
    </p>
   </div>
   <div class='ocr_carea' id='block_1_6' title="bbox 147 2635 1832 2884">
    <p class='ocr_par' dir='ltr' id='par_1_8' title="bbox 147 2635 1832 2884">
     <span class='ocr_line' id='line_1_35' title="bbox 151 2635 1831 2709; baseline -0.005 -13"><span class='ocrx_word' id='word_1_342' title='bbox 151 2666 242 2708; x_wconf 89' lang='lat' dir='ltr'><strong>que</strong></span> <span class='ocrx_word' id='word_1_343' title='bbox 274 2666 318 2697; x_wconf 81' lang='lat' dir='ltr'><strong>c:</strong></span> <span class='ocrx_word' id='word_1_344' title='bbox 359 2665 498 2708; x_wconf 84' lang='lat' dir='ltr'><strong>quam</strong></span> <span class='ocrx_word' id='word_1_345' title='bbox 531 2640 596 2708; x_wconf 59' lang='grc' dir='ltr'><strong>(εἰ)</strong></span> <span class='ocrx_word' id='word_1_346' title='bbox 622 2666 672 2708; x_wconf 94' lang='grc' dir='ltr'><em>Ρ.</em></span> <span class='ocrx_word' id='word_1_347' title='bbox 816 2652 966 2709; x_wconf 74' lang='lat' dir='ltr'><strong>possit</strong></span> <span class='ocrx_word' id='word_1_348' title='bbox 992 2665 1050 2708; x_wconf 88' lang='grc' dir='ltr'><em>Ρ,</em></span> <span class='ocrx_word' id='word_1_349' title='bbox 1089 2650 1283 2708; x_wconf 74' lang='lat' dir='ltr'><strong>possunt</strong></span> <span class='ocrx_word' id='word_1_350' title='bbox 1314 2662 1349 2693; x_wconf 83' lang='lat' dir='ltr'><strong>c.</strong></span> <span class='ocrx_word' id='word_1_351' title='bbox 1501 2635 1595 2702; x_wconf 53' lang='grc' dir='ltr'><strong>δοιῇ.</strong></span> <span class='ocrx_word' id='word_1_352' title='bbox 1619 2643 1763 2688; x_wconf 88' lang='lat' dir='ltr'><strong>VIIII.</strong></span> <span class='ocrx_word' id='word_1_353' title='bbox 1780 2657 1831 2698; x_wconf 89' lang='grc' dir='ltr'><em>Ρ,</em></span> 
     </span>
     <span class='ocr_line' id='line_1_36' title="bbox 151 2705 1832 2766; baseline -0.005 -11"><span class='ocrx_word' id='word_1_354' title='bbox 151 2715 177 2762; x_wconf 84' lang='lat'><strong>3</strong></span> <span class='ocrx_word' id='word_1_355' title='bbox 210 2711 273 2755; x_wconf 88' lang='lat' dir='ltr'><strong>IX</strong></span> <span class='ocrx_word' id='word_1_356' title='bbox 307 2724 342 2755; x_wconf 82' lang='lat' dir='ltr'><strong>e.</strong></span> <span class='ocrx_word' id='word_1_357' title='bbox 495 2710 634 2754; x_wconf 79' lang='lat' dir='ltr'><strong>cessis</strong></span> <span class='ocrx_word' id='word_1_358' title='bbox 671 2710 816 2755; x_wconf 73' lang='lat' dir='ltr'><strong>boum</strong></span> <span class='ocrx_word' id='word_1_359' title='bbox 855 2724 897 2766; x_wconf 86' lang='lat' dir='ltr'><strong>e,</strong></span> <span class='ocrx_word' id='word_1_360' title='bbox 938 2709 1053 2755; x_wconf 83' lang='lat' dir='ltr'><strong>cesis</strong></span> <span class='ocrx_word' id='word_1_361' title='bbox 1090 2708 1234 2754; x_wconf 78' lang='lat' dir='ltr'><strong>bouifi</strong></span> <span class='ocrx_word' id='word_1_362' title='bbox 1266 2721 1303 2763; x_wconf 83' lang='grc' dir='ltr'><em>Ρ</em></span> <span class='ocrx_word' id='word_1_363' title='bbox 1341 2706 1501 2763; x_wconf 88' lang='lat' dir='ltr'><strong>(boinu</strong></span> <span class='ocrx_word' id='word_1_364' title='bbox 1535 2705 1626 2761; x_wconf 66' lang='grc' dir='ltr'><em>ΡΟ).</em></span> <span class='ocrx_word' id='word_1_365' title='bbox 1778 2705 1832 2744; x_wconf 84' lang='grc'><strong>17</strong></span> 
     </span>
     <span class='ocr_line' id='line_1_37' title="bbox 147 2759 1832 2826; baseline -0.006 -12"><span class='ocrx_word' id='word_1_366' title='bbox 147 2769 340 2815; x_wconf 81' lang='lat' dir='ltr'><strong>feniculi</strong></span> <span class='ocrx_word' id='word_1_367' title='bbox 371 2783 406 2813; x_wconf 85' lang='lat' dir='ltr'><strong>c.</strong></span> <span class='ocrx_word' id='word_1_368' title='bbox 560 2774 614 2813; x_wconf 80' lang='lat'><strong>19</strong></span> <span class='ocrx_word' id='word_1_369' title='bbox 655 2769 796 2814; x_wconf 80' lang='lat' dir='ltr'><strong>simul</strong></span> <span class='ocrx_word' id='word_1_370' title='bbox 831 2782 923 2814; x_wconf 90' lang='lat' dir='ltr'><strong>uno</strong></span> <span class='ocrx_word' id='word_1_371' title='bbox 963 2783 1004 2813; x_wconf 85' lang='lat' dir='ltr'><strong>a..</strong></span> <span class='ocrx_word' id='word_1_372' title='bbox 1039 2783 1095 2826; x_wconf 86' lang='grc' dir='ltr'><em>Ρ,</em></span> <span class='ocrx_word' id='word_1_373' title='bbox 1135 2767 1223 2813; x_wconf 81' lang='lat' dir='ltr'><strong>sibi</strong></span> <span class='ocrx_word' id='word_1_374' title='bbox 1261 2771 1280 2810; x_wconf 78' lang='lat' dir='ltr'><strong>i</strong></span> <span class='ocrx_word' id='word_1_375' title='bbox 1320 2779 1410 2811; x_wconf 89' lang='lat' dir='ltr'><strong>uno</strong></span> <span class='ocrx_word' id='word_1_376' title='bbox 1441 2778 1480 2811; x_wconf 82' lang='lat' dir='ltr'><strong>a.</strong></span> <span class='ocrx_word' id='word_1_377' title='bbox 1515 2777 1548 2809; x_wconf 85' lang='lat' dir='ltr'><strong>c.</strong></span> <span class='ocrx_word' id='word_1_378' title='bbox 1698 2759 1758 2804; x_wconf 78' lang='lat' dir='ltr'><strong>ad</strong></span> <span class='ocrx_word' id='word_1_379' title='bbox 1787 2775 1832 2803; x_wconf 91' lang='lat' dir='ltr'><strong>u.</strong></span> 
     </span>
     <span class='ocr_line' id='line_1_38' title="bbox 150 2828 466 2884; baseline 0 -12"><span class='ocrx_word' id='word_1_380' title='bbox 150 2828 391 2874; x_wconf 76' lang='lat' dir='ltr'><strong>lenitatem</strong></span> <span class='ocrx_word' id='word_1_381' title='bbox 417 2841 466 2884; x_wconf 91' lang='grc' dir='ltr'><em>Ρ.</em></span> 
     </span>
    </p>
   </div>
  </div>
 </body>
</html>
