2004 3186
819 102 1183 155 ,94-

160 228 293 277 riosi.
355 241 469 276 nam
508 232 558 274 et
603 225 807 290 dyspnia
847 239 873 273 a
913 223 1114 273 Graecis
1152 222 1334 272 dicitur
1377 221 1427 271 id
1467 228 1546 272 est
1577 220 1846 275 ,difficultas

158 299 522 366 respirationiS‚
560 304 612 348 et
649 297 909 363 orthopnia
948 297 1090 347 aliter
1128 296 1333 357 dicitur,
1385 297 1427 346 si
1466 296 1667 360 quidem
1705 305 1845 349 recto

159 374 405 425 schemate
443 374 663 421 iacentes
693 371 1043 437 praefocentur
1074 372 1275 435 aegroti.
1339 378 1388 420 et
1420 377 1497 419 est
1534 371 1697 435 passio
1730 386 1844 422 reu·

158 449 414 497 matismus
461 445 521 494 ab
569 447 747 495 arteria
796 444 1018 495 defluens
1064 446 1115 493 in
1153 444 1461 511 pulmonem,
1507 443 1638 493 unde
1680 443 1846 495 subito

114 532 134 565 5
158 522 217 571 ad
272 520 599 585 digestionem
653 517 877 568 ciborum
930 516 1210 568 laborantes
1273 519 1458 582 gravati
1512 517 1737 567 malfiunt
1790 526 1847 569 ut

159 597 304 645 etiam
343 594 492 642 nimia
542 592 763 642 thoracis
805 593 1126 657 oppressione
1165 591 1399 656 frigidum
1438 606 1605 640 aerem
1644 590 1844 643 haurire

158 670 370 733 cupiant.
443 672 494 716 et
532 667 587 716 fit
624 665 700 715 vel
739 667 960 715 nascitur
997 680 1057 714 ex
1096 665 1409 714 antecedenti
1447 665 1693 730 profunda
1732 681 1844 731 per·

157 742 386 791 frictione
419 747 470 790 et
493 755 554 789 ex
584 739 738 789 multo
773 738 882 789 cibo
916 746 1119 804 accepto
1151 746 1201 789 et
1231 738 1559 804 indigestione
1595 739 1844 804 frequenti

158 822 207 864 et
243 814 457 880 plurimo
498 813 780 864 concubitu.

92 900 133 930 10
306 889 573 938 curationis
625 893 849 951 tempore
905 887 949 935 si
1009 885 1208 951 grandis
1262 887 1476 951 impetus
1531 887 1682 936 fuerit
1735 901 1844 952 pas·

156 963 308 1011 sionis
359 968 408 1011 et
453 960 782 1026 plethoricum
834 975 1015 1025 corpus
1063 967 1294 1024 aegrotus
1342 959 1616 1010 ostenderit
1669 960 1718 1010 id
1767 967 1845 1011 est

156 1035 469 1085 multitudine
509 1036 617 1084 suci
654 1034 879 1100 plenum,
918 1036 970 1083 in
1009 1033 1211 1082 brachio
1248 1033 1602 1084 flebotomabis.
1675 1034 1761 1084 sed
1801 1036 1845 1084 si

155 1109 282 1158 forte
323 1110 499 1158 virium
538 1107 849 1158 imbecillitas
889 1106 964 1156 vel
1003 1108 1176 1157 aetatis
1224 1112 1309 1157 aut
1356 1109 1595 1173 temporis
1635 1107 1845 1172 qualitas

155 1181 405 1232 flebotomi
443 1197 589 1231 usum
627 1180 961 1248 prohibuerit,
1010 1183 1142 1231 inter
1181 1181 1405 1246 scapulas
1445 1183 1576 1230 circa
1616 1181 1842 1247 spondyli

89 1268 131 1299 15
155 1256 318 1306 locum
373 1255 626 1305 scarifabis
680 1262 730 1305 et
781 1270 872 1320 per
926 1254 1211 1305 cucurbitae
1269 1261 1464 1320 raptum
1514 1255 1843 1305 sufficientem

156 1331 445 1394 sanguinem
498 1328 740 1379 detrahes,
819 1335 868 1378 et
924 1331 967 1378 si
1020 1344 1081 1378 ex
1134 1330 1285 1378 nimio
1339 1330 1524 1394 frigore
1579 1331 1845 1394 contigerit

153 1403 330 1452 hiemis
369 1410 592 1468 tempore
631 1403 866 1469 faciente,
906 1402 1102 1452 sacculo
1135 1402 1369 1452 calefacto
1402 1417 1462 1452 ex
1501 1404 1655 1452 tritici
1686 1403 1844 1453 farina

156 1484 205 1526 et
265 1478 369 1526 ervi
422 1477 473 1526 in
527 1476 814 1526 decoctione
871 1475 1110 1526 marrubii
1171 1483 1406 1526 concocta
1467 1475 1842 1541 diligentissime

152 1549 410 1615 vaporabis
450 1552 580 1599 circa
620 1550 952 1616 stomachum,
999 1557 1048 1599 et
1096 1555 1255 1599 totum
1299 1556 1475 1615 pectus
1520 1550 1692 1600 subter
1731 1566 1841 1616 per-

88 1636 131 1667 20
155 1639 346 1688 ungues
386 1623 649 1672 chalastico
689 1626 920 1688 superius
958 1625 1009 1672 in
1049 1624 1277 1688 passione
1318 1626 1527 1673 tetanica
1566 1630 1839 1673 memorato

153 1699 355 1762 cyprino
396 1696 503 1746 oleo
541 1696 786 1763 resoluto,
826 1704 876 1746 et
914 1704 1026 1761 post
1065 1698 1431 1762 vaporationem
1478 1697 1604 1746 lanis
1644 1698 1842 1747 mundis

153 1773 348 1835 operies
389 1777 437 1819 et
476 1769 716 1819 fasciabiS.

300 1843 621 1893 electuarium
670 1843 747 1892 dia
794 1851 847 1893 tu
896 1843 1025 1893 silfiu
1072 1859 1099 1892 a
1139 1843 1339 1893 Graecis
1388 1843 1683 1909 appellatum
1732 1843 1840 1910 dys—

152 1918 343 1982 pnoicis
392 1919 703 1966 conveniens,
775 1918 952 1983 recipit
990 1923 1155 1966 autem
1189 1917 1393 1982 squillae
1426 1917 1576 1967 medii
1612 1924 1663 1968 et
1699 1920 1841 1984 ysopi

87 2006 130 2038 25
154 2001 210 2040 «ζα
250 1990 412 2056 binaS‚
451 1992 640 2040 urticae
681 1992 881 2040 seminis
922 1997 972 2039 et
1009 1990 1128 2056 polii
1160 1992 1331 2040 cretici
1364 2003 1419 2041 «ἃ
1457 1991 1689 2059 singulaS‚
1729 1991 1841 2041 silfii

271 2107 294 2145 1
328 2102 514 2159 dipsnia.
542 2103 644 2158 (sic)
675 2116 751 2160 90,
783 2102 934 2147 disnia
957 2116 1008 2158 Ρ.
1158 2102 1207 2146 id
1241 2105 1331 2147 est:
1364 2105 1412 2148 .Ι.
1444 2117 1522 2160 9ο,
1554 2102 1583 2146 i.
1609 2117 1661 2159 Ρ.
1813 2109 1839 2148 2

151 2161 368 2218 ortopnia.
397 2174 448 2217 9,
480 2161 663 2206 ortonia
694 2174 739 2218 c,
780 2164 934 2206 ortoia
965 2161 1205 2217 (-tomia)
1230 2176 1280 2218 Ρ.
1404 2167 1430 2206 3
1461 2161 1759 2219 prefocentur
1788 2176 1839 2220 9:

149 2221 373 2264 —cantur
396 2234 463 2276 οΡ.
585 2220 912 2265 reumatismus
935 2234 1002 2277 9c,
1035 2234 1169 2264 —mo
1186 2234 1237 2276 Ρ.
1360 2226 1386 2264 5
1411 2220 1643 2277 gravatim
1675 2221 1842 2266 alfiunt

150 2279 252 2334 (sic)
275 2292 315 2335 9.
433 2284 457 2323 ’1
482 2278 817 2336 perfrigatione
834 2293 883 2335 Ρ.
1002 2285 1052 2323 11
1072 2278 1375 2336 plectorioum
1395 2293 1449 2336 cp
1473 2283 1515 2324 et
1537 2283 1642 2324 ante
1664 2293 1778 2324 corr.
1795 2294 1840 2337 9.

154 2343 208 2381 14
240 2337 442 2394 spondili
471 2350 514 2394 9,
548 2338 672 2382 —lia
702 2352 739 2393 e,
772 2338 1000 2383 -liorum
1024 2352 1075 2395 Ρ.
1197 2342 1252 2383 15
1283 2337 1566 2383 scarificabis
1590 2352 1658 2394 cp.
1784 2344 1838 2383 17

150 2397 307 2441 saculo
343 2410 380 2441 c.
502 2401 557 2441 18
581 2396 750 2442 herbi
738 2412 786 2442 1n
815 2397 858 2441 d.
883 2410 943 2453 9Ρ
967 2397 1232 2454 (herbarum
1264 2397 1535 2442 decoctione
1561 2399 1617 2454 c).
1741 2412 1839 2442 ma-

149 2455 271 2500 rubii
294 2469 344 2511 Ρ.
468 2458 689 2500 concocta
718 2470 768 2514 9:
806 2456 999 2501 decocta.
1029 2470 1074 2510 c,
1116 2470 1141 2508 z
1173 2458 1306 2502 cocta
1329 2470 1378 2513 Ρ.
1519 2461 1572 2501 19
1606 2457 1769 2502 subtus
1801 2471 1838 2502 e.

150 2519 207 2558 20
236 2513 456 2559 calastico
486 2528 586 2573 9οΡ.
708 2516 1070 2560 commemorato
1102 2528 1138 2559 c.
1260 2521 1314 2559 21
1350 2515 1528 2572 ciprino
1559 2529 1658 2574 9οΡ.
1781 2521 1838 2560 22

150 2573 302 2629 operis
340 2587 437 2630 90⁸1),
561 2579 616 2618 23
649 2573 965 2619 Elactuarium
999 2587 1041 2629 c,
1083 2574 1354 2619 elacterium
1379 2574 1837 2631 p.diat11silfifi

149 2631 335 2687 (—flum
359 2634 399 2689 c)
423 2645 522 2689 9010.
638 2637 696 2676 24
718 2634 763 2686 Bc
786 2636 884 2690 (om.
911 2634 1085 2689 autem)
1104 2646 1171 2689 οΡ.
1286 2633 1491 2678 medium
1513 2647 1569 2690 90
1591 2633 1751 2688 (medii
1767 2636 1835 2689 Ρ).

147 2704 343 2747 ysopum
382 2704 412 2748 9
457 2691 584 2748 (——pi
623 2693 709 2748 ep).
890 2696 946 2735 25
986 2693 1042 2734 ÷
1082 2691 1141 2748 (²,-
1182 2694 1222 2749 c)
1271 2691 1405 2737 binas
1449 2706 1524 2751 9ο.
1580 2696 1653 2737 afi.
1699 2696 1741 2742 3.
1781 2693 1836 2736 ΙΙ.

149 2762 305 2793 semen
326 2763 392 2818 9ο.
507 2750 684 2807 polium
710 2750 932 2795 creticum
956 2765 985 2808 9
1009 2751 1142 2808 (polii
1165 2751 1326 2796 cretici
1351 2752 1435 2809 οΡ).
1542 2766 1576 2795 s.
1602 2763 1760 2820 semen
1783 2764 1838 2808 90

149 2808 273 2862 (haec
303 2809 369 2853 sic
399 2809 523 2853 dedit
547 2824 603 2866 Ρ·
644 2809 791 2854 urtice
838 2809 1025 2855 seminis
1062 2810 1179 2868 polii
1219 2809 1325 2855 silfii
1365 2809 1553 2855 seminis
1587 2814 1658 2854 an.
1693 2828 1735 2833 ψ
1710 2810 1833 2865 ,..l)
