2004 3186
422 324 707 398 Incipiunt
755 322 1007 397 capitula
1051 321 1221 380 huius
1268 322 1408 380 libri

654 426 797 502 (sec.
846 423 1018 483 codd.
1065 425 1183 500 pc).

73 672 95 715 I
124 671 199 715 Ad
231 670 401 727 capitis
437 669 649 715 dolorem
682 669 873 727 (cepha-

131 731 256 774 leam
282 732 367 786 cp).
605 760 620 773 .

71 789 118 832 H
148 788 223 833 Ad
251 788 404 833 tineas
436 786 620 844 capitis.

71 848 139 891 III
171 848 244 891 Ad
274 846 527 903 pediculos

70 906 162 951 IIII
178 907 251 950 Ad.
261 906 537 962 capillorum
552 904 873 949 defluxionem.

71 965 115 1009 V
145 964 219 1009 Ad
251 964 516 1022 alopiciam.

71 1023 138 1068 VI
167 1022 243 1067 Ad
274 1023 566 1068 cantabriem
598 1023 783 1080 capitis.

73 1082 161 1128 VII
190 1083 267 1127 Ad
290 1083 445 1127 iontus
468 1082 499 1126 i.
525 1082 726 1139 papillas
758 1095 874 1138 quae

132 1140 183 1186 in
214 1142 350 1186 vultu
379 1143 646 1185 nascuntur.

71 1200 182 1245 VIII
213 1200 286 1244 Ad
318 1200 524 1244 maculas
556 1200 701 1245 albas.

73 1259 207 1304 VIIII
237 1259 313 1303 Ad
342 1259 552 1303 maculas
583 1259 755 1316 nigras.

72 1318 116 1362 X
147 1318 222 1362 Ad
253 1319 515 1375 perniones.

71 1378 138 1422 XI
169 1377 244 1421 Ad
275 1376 577 1434 impetigines
607 1376 637 1422 i.
671 1392 843 1423 zernas.

71 1436 161 1480 XII
192 1436 266 1479 Ad
297 1450 530 1481 verrucas.

72 1495 183 1539 XIII
213 1494 287 1539 Ad
319 1495 559 1552 stigmata.

72 1553 207 1599 XIIII
236 1554 311 1598 Ad
341 1553 471 1599 labia
499 1553 695 1599 hiantia.

72 1613 159 1658 XV
189 1613 265 1657 Ad
302 1613 518 1658 scabiem.

73 1671 184 1716 XVI
213 1672 288 1716 Ad
318 1671 622 1730 pruriginem.

72 1730 206 1775 XVII
236 1731 311 1775 Ad
341 1732 594 1789 parotidas.

72 1789 226 1834 XVIII
256 1790 328 1834 Ad
361 1789 677 1834 collectiones.

72 1848 250 1892 XVIIII
281 1849 355 1892 Ad
386 1848 678 1906 pendigines.

72 1907 159 1951 XX
190 1908 262 1950 Ad
294 1908 486 1951 fistulas.

74 1966 184 2010 XXI
215 1966 290 2009 Ad
321 1965 616 2022 empiemata.

74 2024 208 2068 XXII
240 2025 315 2068 Ad
347 2024 665 2069 carbunculos.

74 2082 229 2126 XXIII
259 2083 334 2126 Ad
364 2097 538 2127 reuma.

73 2141 248 2185 XXIIII
279 2142 353 2186 Ad
384 2142 543 2199 ignem
575 2156 770 2186 sacrum.

73 2200 203 2244 XXV
234 2200 306 2244 Ad
338 2214 548 2246 araneas.

73 2259 227 2303 XXVI
258 2259 331 2303 Ad
363 2260 550 2304 scrofas,

74 2317 249 2362 XXVII
279 2318 352 2362 Ad
385 2319 682 2363 steatomata.

74 2376 269 2421 XXVIII
301 2377 373 2421 Ad
406 2378 587 2421 aurium
619 2378 840 2423 dolorem.

74 2435 295 2503 XXVIIII
345 2436 419 2480 Ad
474 2437 717 2481 oculorum
770 2451 875 2494 pas-

136 2508 301 2538 siones.

77 2553 206 2597 XXX
236 2554 310 2597 Ad
340 2554 516 2597 fluxum
547 2554 787 2611 sanguinis
819 2569 876 2600 ex

134 2611 338 2656 naribus.

73 2669 226 2714 XXXI
257 2671 331 2714 Ad
369 2671 582 2728 polipum
614 2673 661 2716 et
694 2686 874 2718 ozenas.

75 2728 250 2773 XXXII
280 2731 353 2774 Ad
385 2730 595 2774 dentium
628 2731 851 2777 dolorem.

75 2787 272 2832 XXXIII
304 2789 378 2832 Ad
406 2790 572 2833 tussim
605 2790 860 2837 humidam.

75 2845 292 2891 XXXIIII
325 2848 399 2891 Ad
430 2848 595 2892 tussim
628 2849 821 2894 aridam.

964 668 1135 713 XXXV
1166 669 1238 713 Ad
1278 670 1512 714 tumorem
1546 668 1764 713 faucium.

964 727 1161 772 XXXVI
1192 728 1266 772 Ad
1296 728 1634 774 ulcerationem
1664 727 1765 772 fau·

1025 800 1162 830 cium.
1381 803 1385 805 ·

963 845 1179 890 XXXVII
1208 846 1284 890 Ad
1315 845 1586 891 sinanciCOS.

964 904 1206 949 XXXVIII
1237 905 1310 949 Ad
1341 905 1587 950 tetanicos.

963 963 1227 1008 XXXVIIII
1257 964 1331 1008 Ad
1365 964 1664 1022 emoptoicos.

964 1023 1044 1067 XL
1076 1021 1150 1067 Ad
1179 1023 1420 1080 pthisicos.

965 1081 1070 1125 XLI
1100 1082 1174 1126 Ad
1205 1082 1491 1127 astmaticos.

965 1140 1091 1185 XLII
1121 1141 1197 1186 Ad.
1228 1141 1457 1186 stomachi
1489 1141 1742 1198 passiones.

965 1200 1116 1244 XLIII
1167 1200 1241 1244 Ad
1303 1201 1612 1257 spleneticam
1665 1214 1767 1258 pas-

1028 1259 1219 1304 sionem.

966 1317 1138 1361 XLIIII
1155 1318 1229 1362 Ad
1242 1318 1475 1375 epaticam
1487 1318 1767 1375 passionem.

967 1376 1092 1420 XLV
1124 1378 1198 1420 Ad
1227 1391 1392 1422 renum
1424 1377 1646 1421 dolorem.

966 1435 1114 1480 XLVI
1143 1436 1219 1480 Ad
1249 1436 1432 1481 vesicae
1463 1436 1713 1493 passiones.

965 1495 1136 1539 XLVII
1150 1495 1225 1539 Ad.
1243 1495 1490 1540 colericam
1502 1496 1768 1553 passionem

1026 1556 1075 1598 et
1106 1554 1427 1599 defluxionem.

966 1613 1159 1657 XLVIII
1189 1613 1263 1657 Ad
1295 1613 1610 1659 disenteriam.

965 1672 1180 1716 XLVIIII
1210 1673 1284 1716 Ad
1315 1672 1544 1718 ictericos.

966 1731 1002 1774 L
1034 1732 1107 1775 Ad
1138 1731 1313 1775 ventris
1353 1732 1402 1775 et
1438 1730 1766 1776 intestinorum

1024 1789 1392 1834 reumatismum.

966 1848 1026 1891 LI
1056 1847 1130 1892 Ad
1162 1847 1359 1893 colicam
1393 1850 1440 1893 et
1471 1848 1675 1893 iliacam.

964 1907 1049 1951 LII
1064 1908 1138 1951 Ad
1155 1908 1414 1964 podagram
1428 1909 1476 1952 et
1492 1907 1765 1952 artriticam.

966 1965 1071 2009 LIII
1112 1966 1185 2010 Ad
1232 1966 1502 2011 isciadicam
1550 1968 1598 2011 et
1647 1966 1768 2024 psia-

1027 2024 1193 2070 dicam.

965 2083 1092 2127 LIIII
1123 2085 1198 2128 Ad
1227 2084 1483 2141 paralisim.

966 2142 1047 2186 LV
1078 2143 1152 2186 Ad
1185 2145 1473 2199 quartanam.

966 2202 1073 2246 LVI
1104 2201 1178 2246 Ad
1211 2202 1539 2247 emitritaeum.

967 2260 1093 2305 LVII
1155 2261 1228 2305 Ad
1292 2261 1447 2318 tipum
1514 2260 1767 2306 tertianam

1026 2320 1340 2366 manifestum.

966 2378 1113 2423 LVIII
1135 2379 1211 2424 Ad
1233 2378 1388 2436 tipum
1405 2379 1659 2424 tertianum
1674 2392 1769 2423 non

1026 2438 1341 2483 manifestum.

967 2497 1136 2541 LVIIII
1174 2497 1249 2541 Ad
1279 2496 1433 2554 tipum
1465 2496 1764 2542 cotidianum.

966 2556 1048 2599 LX
1078 2556 1152 2599 Ad
1184 2557 1421 2601 efemeraS.

965 2614 1070 2658 LXI
1100 2614 1175 2659 Ad.
1207 2629 1391 2660 causon.

965 2674 1091 2718 LXII
1122 2674 1196 2718 Ad
1227 2674 1488 2719 freneticos.

967 2733 1114 2777 LXIII
1144 2733 1218 2777 Ad
1250 2732 1502 2788 litargicos.

967 2791 1137 2835 LXIIII
1167 2792 1242 2835 Ad
1273 2792 1522 2836 cardiaces.

968 2849 1092 2894 LXV
1126 2851 1197 2894 Ad
1230 2850 1538 2907 apoplexiam.
