2004 3186
200 269 452 335 polyemos
483 276 669 319 vocant.
731 269 875 319 aliud.
945 267 1108 318 hetam
1149 267 1436 317 cantabrum
1467 269 1656 318 nitrum
1687 268 1887 318 faenum

202 358 433 407 graecum
464 345 516 392 in
548 358 646 392 uno
680 342 826 392 simul
864 342 1133 408 decoqueS,
1173 357 1233 390 ex
1267 343 1372 406 ipsa
1412 342 1699 391 decoctione
1740 348 1889 406 caput

202 415 396 466 lavabis,
459 418 606 466 etiam
644 423 694 465 et
725 422 1052 481 sympasmate
1088 414 1174 464 tali
1204 417 1279 464 uti
1309 421 1519 479 oportet.
1581 430 1748 464 murra
1779 414 1887 463 aloe

130 491 134 497 '
203 489 493 538 afronitrum
541 489 749 554 sulphur
795 490 959 537 vivum
998 487 1270 537 elleborum
1316 487 1481 537 album
1527 489 1718 552 ptisana
1757 490 1888 537 sicca

158 576 179 607 5
201 565 308 627 pari
338 562 556 627 pondere
582 570 787 612 contusa
818 567 964 626 atque
997 560 1249 610 cribellata
1280 562 1331 610 in
1363 560 1537 610 balneo
1569 561 1888 626 aspergenda.

628 694 725 743 Vll.
787 693 867 742 Ad
903 693 1159 759 papillas
1199 693 1419 743 vultus.

349 797 591 862 Tempore
637 797 912 862 pubertatis
952 803 1001 845 et
1039 795 1228 845 mediae
1268 798 1441 845 aetatis
1487 796 1646 846 ionthi
1690 799 1887 862 saepius

200 873 251 919 in
306 870 443 919 vultu
497 877 770 920 nascuntur
821 870 1048 935 parvulas
1104 871 1342 919 extantias
1397 870 1738 936 ostendenteS‚
1796 886 1888 936 per

202 959 323 1008 quas
369 959 483 993 cum
529 950 699 994 cortex
745 942 994 1008 unguibus
1041 944 1191 993 fuerit
1238 943 1536 1010 abstractus,
1587 944 1766 993 humor
1813 959 1886 994 se·

136 1031 178 1062 10
202 1019 371 1081 quitur
409 1019 601 1066 virosus
640 1017 716 1066 vel
755 1016 1065 1067 mucilentuS.
1140 1016 1385 1082 aliquibus
1424 1033 1541 1067 vero
1580 1017 1725 1082 longo
1764 1024 1887 1067 tem·

114 1137 134 1150 ,
200 1106 321 1212 poi-e
375 1091 564 1140 fundati
618 1090 890 1140 solidantur
945 1097 995 1140 et
1052 1090 1272 1141 occallati
1335 1091 1647 1141 indecentem
1702 1092 1891 1141 faciunt

201 1181 262 1214 vu
285 1170 403 1214 tum.

348 1239 616 1287 curationis
647 1252 764 1286 vero
804 1244 1028 1303 tempore
1066 1240 1279 1303 accipies
1318 1237 1609 1304 dragantum
1649 1254 1775 1304 aqua
1812 1240 1886 1288 in-

200 1311 366 1360 fusum
421 1318 469 1361 et
519 1327 633 1360 cum
688 1310 1008 1377 molybdaena
1072 1314 1190 1362 trita
1243 1311 1585 1362 commiscebis
1639 1319 1689 1362 et
1742 1312 1890 1363 simul

135 1398 177 1430 15
202 1391 332 1433 teres
380 1385 536 1434 donec
583 1384 742 1434 mellis
789 1392 950 1435 sumat
989 1385 1389 1453 crassitudinem,
1437 1393 1488 1435 et
1533 1386 1593 1436 ad
1631 1401 1888 1451 vesperam

199 1457 359 1507 illines
397 1458 588 1508 vultum
627 1466 677 1508 et
715 1458 933 1509 dimittes
972 1466 1072 1509 tota
1113 1466 1272 1509 nocte.
1335 1466 1455 1509 tuuc
1486 1459 1769 1509 lucescente
1809 1459 1888 1509 die

201 1532 433 1582 cantabro
477 1531 604 1582 lacte
653 1547 921 1598 consperso
968 1534 1144 1583 faciem
1190 1532 1390 1582 fricabis
1441 1539 1490 1583 et
1542 1533 1708 1598 tepida
1762 1548 1888 1598 aqua

198 1605 402 1673 lavabiS‚
441 1607 589 1655 etiam
620 1612 671 1656 et
701 1613 1025 1672 sympasmate
1057 1606 1235 1656 blando
1274 1608 1326 1655 in
1357 1606 1531 1656 balneo
1565 1609 1736 1656 uteris,
1799 1607 1888 1656 sed

199 1686 396 1744 oportet
431 1681 592 1744 primo
632 1679 882 1745 unguibus
920 1680 1095 1730 leviter
1135 1681 1346 1730 cortices
1385 1679 1670 1730 abstrahere
1710 1687 1760 1730 et
1797 1679 1888 1730 hu·

321 1857 343 1894 1
375 1851 575 1909 polimos
598 1866 650 1908 Ρ,
681 1850 878 1907 polieffis
909 1865 944 1897 c.
1096 1857 1122 1896 2
1154 1851 1203 1896 in
1233 1866 1326 1897 uno
1350 1866 1408 1909 10:
1441 1865 1525 1896 om.
1558 1865 1593 1896 c.
1715 1851 1888 1908 dequo-

201 1924 312 1966 ques
336 1925 386 1967 Ρ.
507 1910 749 1955 decatione
773 1925 824 1967 Ρ.
946 1916 972 1954 3
1005 1911 1053 1955 et
1080 1924 1163 1955 om.
1189 1925 1224 1957 c.
1347 1911 1616 1968 simplasma
1645 1911 1740 1955 tale
1774 1910 1888 1967 (-li

200 1972 241 2026 c)
273 1971 459 2026 oportet
482 1983 544 2026 Ρο
575 1969 662 2024 (uti
694 1970 859 2015 addidi
888 1983 944 2014 ex
977 1970 1135 2027 Petra).
1256 1969 1375 2014 mira
1407 1984 1430 2014 c
1461 1970 1643 2024 (Peto-0:
1675 1969 1812 2014 mirte
1836 1983 1888 2026 Ρ.

202 2029 337 2073 aloen
367 2042 402 2082 c,
435 2029 560 2073 aloes
584 2043 635 2085 Ρ.
786 2033 815 2072 4
846 2028 1071 2073 afronitri.
1120 2028 1355 2086 sulphuris
1386 2028 1496 2075 vivi.
1552 2028 1746 2072 ellebori
1777 2029 1888 2073 albi.

200 2086 384 2143 ptisane
415 2087 536 2131 sicce
560 2101 597 2144 Ρ
630 2088 816 2143 (nomin.
848 2088 1015 2144 ubique
1044 2088 1098 2143 c).
1229 2094 1255 2131 5
1286 2087 1390 2144 pari
1419 2087 1622 2144 pondere
1655 2100 1679 2132 c
1709 2087 1890 2144 (Petr.):

198 2146 332 2202 paria
369 2147 577 2203 pondera
607 2161 658 2203 Ρ.
810 2160 1034 2192 concussa
1075 2159 1110 2190 e.
1204 2186 1208 2189 .
1261 2148 1404 2202 atque
1451 2159 1475 2190 c
1521 2145 1706 2202 (Petr.):
1751 2147 1799 2190 et
1835 2159 1886 2202 Ρ.

199 2206 487 2262 aspergenda.
518 2219 576 2261 Ρ,
618 2206 743 2251 ——do
784 2219 820 2250 e.
972 2210 998 2249 6
1029 2205 1099 2249 tit.
1139 2206 1212 2261 (θαι
1243 2206 1283 2262 c)
1323 2205 1446 2249 abest
1484 2218 1520 2259 p
1568 2204 1660 2259 (Ad
1704 2204 1890 2250 hiantes

200 2263 371 2308 Petroc.
404 2277 439 2309 c.
472 2266 571 2320 23),
611 2264 685 2308 Ad
715 2265 932 2309 chiantus
964 2263 1204 2320 (hianthus
1237 2266 1277 2320 c)
1314 2263 1344 2309 i.
1377 2263 1578 2320 papillas
1607 2263 1817 2319 (papelas
1849 2265 1889 2320 c)

200 2336 290 2379 que
320 2322 370 2366 in
412 2324 546 2367 vultu
582 2325 836 2368 nascuntur
872 2324 970 2368 ind.
1002 2336 1040 2379 Ρ
1079 2324 1138 2379 (et
1168 2324 1221 2377 c).
1404 2327 1428 2366 7
1467 2320 1621 2366 medie
1653 2335 1677 2365 c
1709 2322 1886 2379 (Peto-J:

200 2381 353 2426 medio
378 2395 428 2437 Ρ.
548 2382 701 2426 hionti
716 2397 767 2439 Ρ,
798 2383 921 2427 b1ut1
943 2397 967 2426 c
991 2381 1191 2437 <hiantes
1215 2381 1367 2438 Peme).
1505 2386 1531 2425 8
1563 2380 1804 2437 extangias
1828 2395 1888 2437 Ρ;

202 2445 227 2483 9
260 2441 522 2484 abstractus
544 2455 601 2496 p:
636 2444 745 2486 —ta
775 2456 813 2486 c.
942 2447 996 2485 10
1028 2440 1262 2486 virtuosus
1285 2454 1361 2497 Ρε.
1485 2445 1537 2483 11
1572 2439 1812 2497 10003113ιῇ
1836 2454 1886 2495 Ρ.

202 2499 434 2543 occalanti
464 2512 498 2543 c.
619 2499 887 2545 indecenter
919 2514 955 2545 c.
1109 2505 1162 2543 13
1194 2501 1402 2556 tempore
1433 2512 1516 2542 om.
1550 2512 1584 2544 c.
1706 2499 1890 2555 accipes

202 2571 225 2601 c
270 2559 342 2614 (-
353 2558 451 2614 pies
497 2558 650 2614 Petr.)‚
695 2572 777 2604 om.
814 2573 866 2614 Ρ.
1033 2559 1312 2616 dragantum
1357 2559 1456 2615 (sic)
1494 2571 1557 2614 Ρσ
1600 2559 1888 2614 (tragantum

201 2616 354 2673 Petra).
507 2621 562 2659 14
605 2617 870 2662 molibdena
902 2631 945 2674 c,
987 2617 1275 2662 mollibdena
1307 2630 1358 2674 Ρ.
1507 2617 1622 2661 trita
1652 2630 1676 2660 c
1707 2616 1887 2673 (Petr.):

201 2675 364 2718 tritum
388 2689 438 2731 Ρ.
590 2675 912 2721 commiscebis
952 2677 1137 2732 (Petr.):
1178 2690 1320 2720 —ces
1343 2689 1420 2733 pc.
1573 2679 1626 2719 15
1658 2677 1811 2718 sumat
1841 2688 1885 2719 c:

150 2748 154 2752 ·
202 2733 373 2778 sentiat
401 2734 478 2778 vel
508 2736 662 2778 sumat
684 2748 736 2791 Ρ.
890 2739 943 2779 16
974 2735 1121 2779 illinis
1144 2749 1220 2792 Ρσ.
1364 2733 1548 2779 dimitte
1579 2748 1614 2780 c.
1735 2734 1887 2778 totam

198 2793 382 2836 noctem
400 2807 450 2848 Ρ.
575 2798 627 2837 17
655 2806 901 2850 consparso
925 2807 949 2838 c
972 2794 1148 2850 (Petr.):
1174 2807 1438 2851 compresso
1453 2807 1503 2850 Ρ.
1622 2792 1818 2849 frigabis
1836 2807 1887 2849 Ρ.

204 2855 257 2893 18
291 2852 339 2895 et
369 2864 451 2895 om.
477 2865 526 2908 Ρ.
652 2857 704 2896 19
738 2854 786 2897 et
814 2852 1055 2897 humorem
1088 2852 1273 2910 (Peto-Q:
1314 2854 1362 2898 et
1390 2854 1620 2898 tumorem
1643 2866 1719 2908 Ρσ.
