2004 3186
875 120 939 128 ——
1022 90 1278 144 222—

355 207 623 252 Matheus
651 205 966 252 Silvatieus
996 206 1049 250 in
1080 205 1195 251 libro
1221 204 1562 251 Pandeetarum
1591 207 1809 253 medicine
1839 207 1996 263 (ed.

181 296 187 301 »
233 278 328 312 non
359 266 660 333 interpolatae
697 265 754 320 ef.
788 265 949 332 Meyer
981 263 1135 309 Geseh.
1168 264 1212 310 d.
1244 264 1350 310 Bot.
1384 264 1480 319 IV,
1514 266 1627 333 173)
1657 266 1788 312 habet
1817 267 1929 311 haec
1974 267 1996 318 1³1:

1183 322 1402 370 ,Cassius
1433 323 1565 369 Felix
1603 324 1662 368 in
1690 325 1928 393 proprio
1987 346 1997 381 -ς

234 383 492 441 capitulo
513 340 653 440 'lapis
691 381 848 439 pii-itis
886 381 917 426 i.
957 380 1133 427 focaria
1170 396 1200 427 a
1229 396 1320 439 quo
1351 397 1435 439 per
1466 381 1729 428 allisionem
1759 382 1926 428 calibis

233 443 311 487 vel
342 442 535 487 alterius
567 442 635 487 rei
666 442 779 486 dure
809 440 933 498 ignis
962 440 1131 485 evolat.
1178 441 1261 486 sed
1284 441 1488 486 Galenus
1521 441 1571 486 111
1603 456 1674 498 ep.
1700 442 1762 487 ad
1785 442 1925 488 Glau-

234 504 427 547 conem“
474 505 550 546 ete.
613 514 729 557 quae
773 500 895 544 unde
932 503 1083 544 sumta
1119 500 1214 544 sint
1249 501 1411 546 neseio.
1473 513 1567 544 non
1609 501 1728 545 enim
1767 505 1927 546 extant

233 561 363 617 apud
393 559 642 613 Simonem,
673 573 696 604 e
725 572 812 616 quo
844 559 926 615 qui
955 558 1055 615 ipso
1081 557 1238 604 Cassio
1259 573 1355 605 non
1379 572 1491 604 usus
1513 559 1575 604 sit
1600 559 1669 616 (id
1691 560 1811 617 quod
1831 572 1928 605 non
1994 613 2001 618 Α,

231 623 347 664 reete
389 619 554 663 statuit
597 618 760 676 Meyer
802 617 956 663 Gesch.
1001 617 1081 662 der
1121 617 1326 663 Botanik
1367 617 1452 674 IV,
1499 619 1602 674 167)
1643 631 1732 663 sua
1771 619 1929 663 omnia
1986 624 2001 674 3<

233 338 268 370 0.
309 329 399 370 419
438 338 472 370 8.
513 324 643 382 „pLa
644 324 684 369 is
722 323 900 391 piritis
908 322 1120 368 Plinius.

236 677 387 722 Cassii
417 678 550 722 habet
574 677 815 732 Matheus,
846 677 1023 721 velate.
1053 676 1248 733 daucus,
1279 677 1462 733 litiasis,

230 735 453 781 troticum
499 737 548 793 (i.
579 735 914 792 metrencites),
953 735 1171 792 molibdi‚
1210 711 1485 793 p’iesmatos,
1525 736 1680 793 regius
1720 736 1925 792 morbus,
1992 758 2001 781 ς

1493 676 1798 734 metafrenon,
1829 691 1926 722 me·

1990 730 2001 757 ,.

236 795 452 841 rizoncia.
515 795 600 840 illa
629 796 775 854 igitur
806 795 860 839 de
890 795 1061 851 pyrite,
1099 808 1214 851 quae
1251 796 1314 841 ad
1352 796 1520 840 librum
1554 795 1778 852 quendam
1808 794 1927 840 Sim·

227 855 424 912 plicium
457 855 687 911 pertinere
724 853 961 907 videntur,
1002 854 1182 899 testium
1220 854 1481 910 confusioni
1520 854 1763 908 debentur,
1808 854 1927 898 sicut
1990 854 2001 910 εξ

233 927 348 969 quae
390 914 508 957 idem
550 912 785 958 Mattheus
826 886 961 957 habet,
999 925 1035 957 c.
1078 917 1143 958 88
1184 914 1267 958 sub
1307 912 1605 971 „Brafalendi
1644 939 1699 944 —
1741 912 1925 957 Cassius
1996 911 2002 954 ἴε

234 971 367 1016 Felix
398 984 498 1029 cap.
533 972 589 1016 de
621 972 846 1029 petroleo.
900 971 1167 1016 Petroleum
1199 973 1270 1016 est
1301 947 1454 1017 01011111
1485 973 1630 1028 petre.
1690 971 1929 1016 invenitur
1994 969 2004 1030 g

233 1032 390 1075 autem
420 1030 470 1075 in
500 1030 615 1075 locis
646 1030 871 1075 sulfureis.
926 1030 981 1074 fit
1015 1030 1139 1075 enim
1171 1044 1276 1075 cum
1307 1031 1543 1088 pinguedo
1573 1031 1696 1075 terre
1727 1032 1776 1075 et
1806 1040 1941 1086 aque·
1998 1030 2003 1072 ἒ

233 1089 417 1135 actione
461 1089 629 1134 caloris
676 1090 736 1134 ad
778 1090 940 1146 igneas
983 1089 1270 1144 convertitur
1306 1091 1492 1147 partes“
1536 1093 1613 1134 ete.
1684 1102 1777 1134 nou
1818 1092 1928 1133 swnt
1995 1105 2004 1138 ῑ

237 1147 408 1204 Cassii,
448 1149 526 1193 sed
559 1149 791 1193 Platearii
820 1161 876 1194 eoe
915 1148 1031 1193 libro
1064 1148 1220 1205 (Circa
1250 1151 1445 1206 instans)
1476 1150 1531 1195 de
1560 1148 1758 1206 simplici
1787 1148 1927 1193 medi—
1990 1147 2004 1186 :¹³

235 1208 342 1252 eina
371 1221 406 1253 8.
440 1221 478 1253 v.
517 1206 796 1260 Petroleum.

803 1493 982 1552 Index
1029 1495 1081 1552 ΙΙ
1127 1495 1358 1552 latinus,

230 1747 288 1782 83
314 1735 466 1781 minus
483 1750 512 1780 a
529 1736 666 1782 solito
692 1737 935 1781 excludere
964 1743 1032 1783 19.

262 1809 291 1839 a
353 1795 490 1840 solito
551 1795 703 1841 minus
762 1795 917 1841 cibum
972 1798 1032 1853 (1,

259 1856 425 1911 potum
449 1856 524 1910 33)
548 1854 783 1912 accipiant
814 1860 852 1900 1.
878 1861 950 1900 33.
977 1881 1032 1887 -—

261 1926 290 1957 8
327 1913 495 1958 balneo
543 1928 651 1959 mox
688 1913 798 1958 lotis
837 1918 908 1958 45.
973 1914 1032 1959 ab

261 1971 635 2029 aegritudinibus
662 1974 735 2029 (=
760 1977 867 2030 post
891 1976 1031 2032 aeyr.)

232 2088 321 2135 abt
369 2090 430 2135 ab
478 2091 719 2136 stomacho
764 2104 794 2148 9
832 2096 904 2135 42.
974 2092 1034 2136 ab

261 2150 308 2204 (a
332 2149 384 2205 p)
420 2148 579 2205 splene
611 2163 635 2195 0
665 2154 737 2194 43.

231 2206 432 2252 abortio
458 2211 484 2250 9
510 2207 761 2264 (frequenti
789 2208 1033 2253 aborsione

259 2267 326 2311 810
348 2279 386 2322 p
417 2267 508 2323 82).

231 2324 505 2371 absconsus
522 2330 577 2370 21
598 2325 671 2382 (ef.
685 2324 883 2382 Remoto,
902 2326 1034 2371 Itala

230 2442 567 2489 absinthium·
598 2443 665 2489 810
694 2457 749 2500 ep
781 2444 827 2500 (9
860 2444 915 2499 1),
950 2426 1030 2488 ab—

262 2501 520 2560 sentiumy
551 2504 640 2557 (21.
673 2507 750 2559 42,
780 2506 832 2547 ut
862 2515 1032 2559 semper

259 2561 503 2618 Escolapii
533 2561 660 2606 codd.
691 2562 814 2618 Aua.
848 2561 968 2606 Gall.
994 2575 1029 2606 8.

264 2620 340 2676 X,
387 2622 469 2666 ubi
515 2619 816 2677 absynthium
860 2633 1032 2678 semper

263 2677 440 2725 Cassin.
472 2693 505 2725 8.
543 2679 661 2736 ΧΙ).

233 2736 513 2783 abstinere:
562 2752 591 2782 a
635 2738 743 2783 vino
787 2740 1031 2795 aegrotum

263 2796 518 2842 abstinebis
551 2802 621 2842 67.
655 2802 724 2842 66.
782 2797 820 2841 81
860 2811 888 2842 a
924 2797 1029 2843 vino

1156 1751 1249 1782 non
1279 1737 1489 1794 potuerit
1521 1735 1748 1782 abstineri
1772 1741 1843 1780 21.
1869 1761 1925 1768 -

1156 1795 1330 1841 0111111111
1342 1796 1616 1854 sanguinem
1633 1794 1838 1840 abstinet
1855 1800 1926 1840 39.

1157 1855 1390 1901 omfacion
1444 1855 1650 1900 abstinet
1698 1853 1927 1899 vomitum

1154 1919 1226 1961 42.
1266 1913 1478 1960 decoctio
1496 1913 1699 1959 abstinet
1714 1915 1927 1958 ventrem

1154 1979 1224 2019 48.
1273 1973 1479 2018 abstinet
1495 1973 1710 2018 sudorem
1728 1976 1798 2028 64,
1821 1985 1925 2029 pro-

1154 2033 1346 2078 fluvium
1377 2031 1588 2077 matricis
1630 2035 1709 2088 82,
1753 2031 1927 2075 fluxum

1156 2096 1227 2136 82.
1285 2091 1416 2136 aliud
1457 2091 1517 2135 ad
1555 2090 1785 2135 vomitum
1822 2090 1927 2134 abs-

1154 2150 1397 2195 tinendum
1432 2154 1504 2194 42.
1568 2149 1756 2205 sincope
1796 2148 1926 2193 labo-

1154 2208 1364 2254 rantibus
1413 2208 1616 2253 abstinet
1661 2213 1731 2252 64.
1781 2233 1837 2240 —-
1886 2206 1927 2251 si

1153 2269 1316 2312 venter
1355 2266 1636 2312 abstinuerit
1676 2271 1713 2311 1.
1747 2270 1817 2311 46.
1852 2270 1922 2310 72.

1124 2340 1373 2386 subtractio
1404 2353 1434 2397 9
1467 2344 1523 2384 36
1563 2340 1662 2396 (ubi
1692 2339 1925 2384 adtractio

1146 2413 1206 2456 p,
1239 2399 1494 2444 abstractio
1528 2400 1581 2455 0).

1121 2471 1439 2518 abundabilis
1480 2469 1819 2530 (πληθωρικός)
1851 2476 1923 2517 38.

1121 2546 1291 2592 808018
1336 2546 1442 2591 rufa
1488 2551 1558 2592 29.
1631 2546 1808 2604 nigella
1861 2545 1921 2590 ib.

1151 2606 1299 2662 (Plin.
1333 2609 1541 2661 24,110
1573 2607 1683 2662 etc..)

1121 2679 1335 2725 acantha
1411 2679 1632 2737 aegyptia
1708 2675 1922 2735 (ἄκανθα

1152 2734 1356 2806 ἄραβικῄ
1389 2738 1545 2784 Diosc.
1578 2741 1728 2794 2,13.
1789 2736 1924 2794 spina

1153 2797 1374 2855 aegyptia
1405 2812 1438 2844 s.
1470 2796 1659 2843 arabica
1692 2796 1922 2851 Ρ1111.24,

1990 1079 2001 1104 «Ι
