2004 3186
785 137 1182 190 ..244-

170 259 243 300 46.
274 253 591 299 involuntario
608 253 744 310 lapsu
759 252 941 297 urinam

172 312 395 358 emittunt
422 313 483 357 ib.

142 371 418 417 involutim
446 369 775 415 intestinorum
802 369 941 415 verti-

173 431 279 475 cula
325 431 422 475 sive
467 429 697 473 involutio
743 430 820 485 (p,
870 428 939 472 in-

172 489 402 534 volutatio
420 491 460 546 c)
478 493 549 533 51.
581 489 791 532 lanarum
808 502 939 531 mun—

171 549 337 593 darum
375 562 431 592 ex
470 547 574 592 oleo
605 546 939 591 oamaemelino

172 606 508 651 involutionem
539 603 785 650 adhibebis
818 609 888 650 65.

143 665 436 711 irisillirica
480 678 574 710 ωηο
621 665 752 709 verbo
800 677 830 721 9
875 666 944 720 (ut

173 725 465 781 stafisagria),
489 737 585 780 yon.
610 722 892 768 irisillirieae
915 736 944 779 9

174 788 245 828 35.
278 788 335 827 40
360 784 441 828 bis.
474 788 545 827 41.
578 788 634 826 42
675 783 775 839 (ubi
816 783 945 826 semel

174 855 310 899 yreos
341 842 508 886 illirice
540 855 565 886 c
595 846 680 897 40,Ι
703 846 756 885 ut
786 855 841 897 cp
873 845 944 895 44,

177 902 234 956 cf.
260 915 396 957 yreos
428 900 634 945 radicem
658 914 712 956 cp
738 902 827 956 66),
852 913 943 945 acc.

175 959 459 1004 irisilirieam
489 973 519 1016 9
552 964 622 1004 34.
656 965 713 1003 40
737 964 817 1003 ter.

147 1017 282 1073 iugis
298 1018 440 1062 febris
457 1015 691 1075 (σύνοχος)
709 1023 779 1063 61.
812 1017 947 1075 iugis,

177 1077 351 1135 iugiter
380 1091 523 1133 saepe.

147 1136 313 1181 iusum
345 1138 431 1193 (cp,
462 1136 614 1181 iosum
636 1149 678 1193 9,
706 1137 784 1180 sed
805 1149 951 1192 supra

178 1200 400 1240 corrector
423 1195 473 1239 in
493 1195 586 1239 alio
610 1195 780 1250 iusum)
797 1200 866 1239 19.
893 1220 948 1228 —

105 1275 109 1279 ·
178 1269 358 1298 sursum
381 1256 430 1299 et
461 1255 675 1299 deorsum
698 1268 753 1310 cp
778 1258 849 1300 47.
892 1254 949 1308 cf.

178 1313 363 1358 Ro'nsch
423 1314 487 1358 It.
550 1317 654 1357 461.
731 1314 828 1358 ind.
889 1314 951 1357 ad

179 1373 384 1417 Anthim.
416 1385 450 1416 8.
487 1372 711 1417 deiusum.

148 1430 466 1477 laceratnrae
509 1432 583 1488 (cf.
624 1432 708 1475 sub
754 1427 951 1488 ἀμυχαί)

181 1495 258 1535 18:
284 1491 470 1546 oportet
498 1523 508 1533 .
534 1523 544 1534 .
572 1525 580 1534 .
607 1504 742 1534 crura
764 1490 950 1534 leviori-

179 1549 266 1592 bus
329 1563 384 1592 ac
445 1548 607 1592 multis

181 1607 401 1652 scarifare
435 1612 504 1651 ¹75.

152 1666 524 1721 lanuginositas
556 1671 628 1710 29.

151 1725 425 1770 lemniscus
461 1729 529 1768 18.
563 1730 619 1768 20
654 1730 730 1770 etc.

152 1784 415 1829 lenifleare
447 1789 519 1829 29.
553 1789 625 1828 48.
661 1789 729 1829 73.

151 1843 358 1888 lenifica
389 1843 572 1899 (virtus)
606 1848 676 1887 34.

152 1902 283 1947 lenis
331 1906 373 1946 et
418 1901 546 1947 l‘e‘vis
588 1916 720 1958 saepe
763 1903 955 1957 consum.—

182 1962 371 2016 duntur,
396 1965 448 2006 ut
471 1975 504 2006 e.
528 1975 569 2018 9.
595 1962 764 2006 leniter
788 1975 955 2017 coques

184 2033 239 2078 cp
263 2034 353 2075 pro
383 2020 551 2064 leviter
579 2034 609 2077 9
644 2025 714 2065 34.
787 2021 956 2065 leniter

182 2079 465 2124 torrefactae
503 2093 557 2135 cp
589 2093 679 2135 pro
718 2079 886 2124 leviter
926 2093 956 2136 9

184 2143 255 2183 34.
302 2139 362 2192 cf.
386 2142 445 2182 44
468 2142 509 2182 et
539 2138 707 2183 leviter
729 2141 763 2182 t.
791 2143 848 2183 66
873 2139 954 2183 bis.

182 2198 349 2252 tanges
380 2196 549 2241 leniter
579 2211 634 2253 cp
666 2201 736 2241 56.
788 2197 956 2241 leniter

182 2254 466 2312 infrigidatis
483 2269 536 2311 cp
551 2260 622 2300 66.
662 2255 832 2300 leniter
848 2257 954 2300 sub-

185 2316 363 2358 assatas
394 2328 450 2370 cp
481 2319 551 2359 48.
587 2339 642 2346 -
674 2315 779 2358 item
805 2314 953 2359 levius

186 2372 448 2417 confectum
481 2374 580 2428 (ubi
610 2374 727 2418 lenis
758 2387 803 2428 c,
837 2373 952 2418 leni-

184 2432 270 2476 bus
293 2446 330 2488 Ρ
354 2445 444 2488 pro
465 2446 532 2489 φ’.
557 2433 731 2487 λειοῦν,
761 2435 953 2488 λειοτρι-

186 2492 288 2547 βεϊν
321 2491 449 2535 Alex.
476 2506 527 2547 p.
552 2495 643 2535 464
673 2493 769 2545 etc.)
802 2494 872 2535 48.

155 2548 402 2595 lenticula
447 2551 786 2606 (wc‘irmflasche)
822 2564 960 2595 aerea

185 2608 262 2652 vel
278 2611 428 2653 testea.
448 2610 599 2654 calida
614 2609 957 2666 repleta5l.66.

156 2666 457 2712 lenticulata
524 2668 703 2724 (herba)
766 2673 838 2712 24.
901 2672 956 2712 52

189 2727 263 2797 {²
283 2725 384 2770 Gal.
402 2725 488 2769 XI
498 2727 549 2781 V,
566 2729 675 2783 386)
692 2748 748 2764 ==
762 2723 787 2771 ὁ
802 2724 960 2782 φακὸς

188 2799 212 2827 o
242 2781 319 2828 ἐπὶ
349 2785 442 2828 τῶν
473 2782 710 2843 τελμάτων
734 2786 890 2832 Diosc.
914 2789 957 2842 4,

676 1548 950 1593 laceraturis

1031 251 1256 297 lenton-es
1303 252 1519 309 (leniores
1564 254 1666 310 φορ)
1717 265 1829 299 ano-

1061 310 1175 356 mali
1206 315 1277 355 21.

1031 368 1163 426 lepis
1193 369 1441 415 aeraminis
1472 370 1684 427 (χαλκοῦ)
1718 375 1789 417 11.

1031 427 1375 485 leptospathio
1452 429 1592 486 (lecto
1668 430 1831 486 spacio

1061 487 1206 544 codd.)
1254 492 1310 532 32
1357 491 1399 532 et
1445 489 1544 545 (ubi
1588 489 1710 534 lecto
1762 502 1838 547 ρο,

1058 546 1189 603 lepto
1250 546 1399 618 spatio
1454 548 1549 603 epo)
1608 553 1681 593 36.
1763 552 1828 593 oet

1062 607 1426 660 λεπτοσπαθιον,
1435 610 1490 650 ut
1498 603 1758 665 ᾆινοσπάθι
1770 621 1839 652 ον·

1032 663 1266 708 licinium
1300 669 1371 708 32.
1407 669 1478 710 36.

1033 722 1276 791 limatJuja
1321 724 1499 780 (corali)
1547 729 1618 769 32.
1675 727 1835 781 (cornu

1035 784 1608 954 lilffgzgvgffisvggtgiimoea
1632 842 1836 898 qualitas

1038 958 1195 1004 linire
1229 961 1276 1003 et
1307 958 1472 1003 linere
1511 960 1705 1014 confusa
1735 962 1835 1017 (sec.

1069 1018 1163 1062 cod.
1196 1021 1264 1074 9):
1308 1018 1418 1061 linis
1450 1023 1521 1064 20.
1555 1022 1626 1066 24.
1697 1018 1842 1063 illinis

1073 1081 1111 1120 1.
1138 1081 1179 1120 4.
1206 1081 1246 1120 5.
1273 1081 1297 1120 7
1323 1081 1400 1121 etc.
1448 1076 1635 1122 inlinies
1659 1082 1716 1122 36
1743 1079 1843 1134 (ubi

1063 1136 1209 1192 paulo
1240 1140 1346 1179 ante
1383 1135 1572 1191 inlinis).
1644 1137 1843 1182 oblinies

1075 1200 1096 1238 1
1117 1195 1198 1238 bis.
1233 1199 1287 1238 10
1307 1195 1387 1238 bis.
1421 1199 1492 1239 29.
1532 1195 1669 1239 linire
1696 1201 1735 1240 7.
1785 1197 1844 1251 cf.

1071 1253 1256 1298 Ro'nsch
1273 1254 1338 1298 It.
1355 1258 1467 1299 285.
1514 1255 1611 1299 ind.
1634 1255 1696 1300 ad
1714 1255 1844 1300 Ptin.

1070 1313 1182 1357 med.
1222 1325 1257 1356 s.
1296 1313 1494 1357 inlinere
1538 1315 1605 1370 (p.
1645 1317 1739 1359 124
1784 1315 1844 1369 cf.

1071 1376 1132 1417 21
1139 1373 1198 1427 7),
1219 1371 1395 1415 Vitruv.
1407 1377 1483 1416 etc.
1499 1398 1552 1404 -—
1562 1372 1742 1429 aliquid.
1751 1386 1845 1418 sor-

1071 1430 1166 1474 bile
1198 1430 1322 1486 quod
1347 1431 1591 1476 humorem
1615 1445 1769 1476 aerem
1794 1434 1844 1477 et

1070 1491 1259 1534 tenuem
1277 1490 1324 1533 et
1341 1504 1559 1546 asperum
1583 1491 1740 1535 valeat
1763 1491 1846 1535 ob—

1072 1547 1261 1592 dulcare
1274 1549 1323 1592 et
1335 1549 1616 1594 crassifioare
1640 1551 1687 1594 et
1707 1549 1843 1595 linire

1073 1607 1125 1662 (i.
1157 1620 1191 1649 e.
1224 1607 1389 1662 lenire)
1423 1612 1497 1652 46.

1045 1664 1205 1720 logici
1235 1665 1439 1722 (medici)
1472 1671 1529 1711 46
1560 1666 1624 1711 in.
1659 1667 1717 1722 cf.
1751 1667 1845 1724 prs.

1045 1724 1332 1769 lucescente
1365 1724 1441 1769 die
1475 1730 1544 1769 73.

1045 1783 1263 1886 ’ἳὲἓίᾧῖ
1294 1780 1843 1901 (ζῑθὲάξὲἕὲἐέοἷῗὲἷέ

1075 1903 1199 1946 terra
1231 1906 1303 1946 42.

1046 1960 1298 2005 madidata
1329 1960 1562 2019 (spongia)
1599 1966 1668 2007 67.

1046 2019 1298 2074 magdalis
1328 2025 1397 2065 66.

1046 2078 1233 2133 magis:
1259 2080 1308 2123 et
1322 2079 1473 2136 magis
1490 2085 1562 2125 46.
1581 2084 1651 2124 51.
1677 2084 1748 2125 52.
1775 2085 1846 2125 61.

1077 2143 1147 2182 63.
1174 2141 1231 2181 66
1255 2142 1334 2182 etc.
1352 2140 1422 2194 (ut
1438 2152 1571 2195 saepe
1585 2139 1718 2184 Alex.
1735 2142 1847 2195 eta).

1047 2210 1303 2256 malaxare
1336 2216 1392 2255 66
1426 2212 1501 2268 (cf.
1533 2213 1666 2258 Alex.
1699 2214 1811 2268 eta).

1047 2269 1281 2314 malflunt
1312 2274 1382 2313 41.

1043 2326 1295 2386 maltaGJS
1336 2328 1490 2383 (molti
1530 2343 1573 2385 c,
1621 2330 1759 2374 multi
1797 2345 1845 2387 p,

1073 2386 1208 2430 malti
1232 2389 1306 2444 ΡΟ)
1339 2387 1562 2444 pollinem
1594 2392 1664 2433 44.

1044 2460 1398 2506 manifestatur
1451 2463 1525 2519 (=
1568 2463 1846 2520 ostenditur)

1081 2533 1178 2564 esse
1210 2525 1279 2564 38.
1314 2526 1384 2566 39.

1048 2594 1296 2639 manualis
1330 2595 1490 2651 (mola)
1525 2599 1594 2639 76.

1048 2665 1228 2710 mappa
1280 2655 1354 2708 (=
1399 2653 1658 2709 peritonaei
1704 2667 1848 2699 mem-

1079 2712 1240 2767 brana)
1272 2717 1342 2756 51.
1390 2714 1449 2768 cf.
1485 2712 1602 2758 Cael.

1048 2785 1360 2831 marrubium
1385 2782 1645 2843 (πράσσων)
1673 2799 1704 2843 9
1733 2787 1851 2841 (ma-

1078 2844 1263 2888 rubium
1286 2847 1359 2903 cp)
1384 2850 1455 2889 21.
1479 2850 1551 2891 40.
1577 2850 1646 2890 41.
1682 2850 1737 2888 66
1766 2846 1847 2889 bis.
