2004 3186
792 91 1191 142 —156—

148 213 323 263 rodino
372 211 693 262 embrocabiS.
762 218 877 277 post
921 211 1043 260 haec
1090 209 1194 259 suh.
1221 211 1454 261 umbilico
1502 211 1584 261 ilia
1623 219 1832 278 utraque

147 295 198 337 et
243 302 389 337 coxas
436 292 487 335 et
531 301 765 336 manuum
811 291 862 334 et
907 285 1090 350 pedum
1137 287 1444 335 summitates
1491 291 1694 335 rutaceo
1749 293 1833 336 aut

148 362 365 426 sicyonio
405 366 490 409 aut
528 359 637 408 oleo
676 359 832 408 veteri
870 372 1170 423 perungueS.

296 433 444 483 aliud.
516 434 674 498 sinapi
720 447 833 482 cum
881 433 1056 482 caricis
1103 438 1154 481 et
1200 432 1356 481 farina
1401 432 1674 483 hordeacea
1719 448 1838 483 cum

103 519 125 551 ⁵
149 514 287 557 aceto
335 507 536 556 decocta
585 513 635 556 et
680 508 731 555 in
780 505 1123 570 cataplasmate
1170 505 1444 555 visceribus
1491 506 1706 556 adhibita
1753 522 1834 556 ex·

147 583 299 631 citant
336 580 647 644 lethargicos.

295 654 439 704 aliud.
511 653 686 703 domus
734 654 977 702 luminosa
1030 659 1081 702 et
1126 655 1361 703 stramina
1405 653 1529 703 dura
1575 660 1659 704 aut
1698 660 1834 703 certe

147 727 323 793 frigida
363 729 592 777 stratoria
632 727 880 777 substrata
919 729 1135 777 excitant
1174 727 1412 776 similiter.

296 801 442 851 aliud.
505 801 660 866 thymi
700 816 839 866 cyma
883 802 935 850 in
974 807 1113 851 aceto
1153 800 1357 850 decocta
1397 815 1510 850 cum
1549 799 1694 849 melle
1734 800 1834 848 suf-

82 888 126 920 10
148 876 335 924 ficienti
381 877 488 940 ipso
535 874 727 939 liquore
779 876 854 923 ori
900 874 1065 924 infuso
1118 875 1285 924 educit
1331 874 1506 939 flegma
1553 882 1602 923 et
1654 875 1838 922 excitat

146 948 455 1013 lethargicos,

297 1022 443 1071 aliud.
505 1024 800 1071 sternutatio
835 1023 991 1087 spissa
1023 1037 1084 1071 ex
1116 1021 1341 1071 euforbio
1381 1021 1459 1071 vel
1498 1020 1711 1072 struthio
1751 1026 1837 1070 aut

147 1111 205 1144 ex
244 1097 416 1161 pipere
458 1103 508 1144 et
548 1102 772 1145 castoreo
813 1098 1007 1145 excitat.

295 1169 440 1218 aliud
512 1171 685 1234 capitis
733 1184 905 1219 rasura
953 1171 1134 1219 excitat
1183 1171 1226 1218 si
1278 1171 1438 1219 urtica
1492 1169 1697 1218 feriatur
1752 1135 1836 1217 aut

79 1256 123 1289 15
150 1242 248 1292 sale
289 1243 510 1292 fricetur
545 1260 549 1262 ·

641 1375 830 1425 LXIIII.
892 1376 972 1425 Ad
1013 1375 1339 1450 clardiacoS.

294 1479 385 1530 Est
410 1487 575 1529 autem
599 1479 822 1529 cardiaca
851 1482 1015 1545 passio
1046 1480 1283 1529 distensio
1316 1478 1630 1529 membranae
1655 1479 1836 1543 cordiS,

148 1568 207 1601 ex
255 1568 352 1617 qua
391 1554 632 1617 contingit
678 1552 918 1602 exhalatio
964 1554 1074 1602 fieri
1118 1555 1307 1605 animae
1352 1568 1443 1618 per
1491 1552 1723 1602 sudorem
1762 1558 1834 1601 te-

145 1627 349 1693 tricum,
403 1633 627 1676 tumente
684 1625 969 1676 membrana
1027 1625 1192 1676 cordis
1245 1642 1305 1676 ex
1360 1626 1670 1676 antecedenti
1722 1641 1834 1691 per-
1898 1689 1905 1695 „

79 1713 123 1746 20
147 1700 376 1750 frictione
417 1707 502 1750 aut
538 1701 725 1750 vomitu
765 1700 1015 1764 frequenti
1054 1706 1138 1750 aut
1177 1715 1238 1750 ex
1277 1699 1559 1766 adustione,
1602 1699 1734 1764 quod
1773 1715 1833 1749 ex

147 1788 418 1824 encauseos
457 1774 642 1823 dicunt.
706 1776 934 1838 sequitur
966 1781 1131 1824 autem
1163 1779 1391 1839 aegrotos
1428 1774 1685 1839 perfrictio
1717 1775 1834 1823 arti·

148 1847 396 1914 culorum,
428 1849 578 1896 nimia
608 1850 822 1913 parvitas
853 1847 1049 1915 pulsus,
1089 1863 1234 1913 quam
1267 1848 1615 1913 microsfyxian
1648 1846 1835 1913 dicunt,

268 1979 290 2018 1
326 1973 547 2019 umbilico
580 1988 647 2031 cp.
769 1974 873 2019 ilia:
907 1976 955 2020 et
985 1974 1070 2019 illa
1101 1989 1144 2029 c,
1178 1976 1226 2020 et
1256 1975 1354 2032 ylia,
1379 1974 1492 2032 (alia
1516 1979 1621 2019 ante
1645 1975 1778 2030 corr.)
1795 1987 1834 2031 Ρ

149 2047 297 2101 (omisi
327 2047 399 2102 et).
542 2049 737 2104 utraque
770 2062 814 2103 c,
851 2050 1048 2105 uterque
1071 2054 1131 2106 Ρ(3
1161 2053 1203 2093 et
1233 2054 1339 2093 ante
1369 2062 1485 2094 corr.
1519 2063 1542 2094 c
1574 2037 1700 2150 (οἷᾳῖ
1731 2052 1836 2093 ante

146 2119 261 2150 corr.
286 2107 355 2163 Ρ).
507 2111 534 2150 2
566 2108 616 2152 et
645 2108 769 2162 (ante
799 2109 956 2163 coxas)
987 2121 1070 2152 om.
1094 2122 1146 2164 Ρ.
1298 2113 1324 2152 3
1358 2109 1441 2152 aut
1474 2107 1623 2153 veteri
1653 2121 1680 2152 0
1703 2119 1757 2151 eo
1781 2121 1832 2163 Ρ.

146 2170 174 2208 4
205 2164 368 2222 sinape
390 2179 441 2221 Ρ.
563 2166 789 2211 ordeacea
818 2180 861 2211 c:
895 2166 1025 2211 ordei
1046 2181 1098 2223 Ρ.
1219 2171 1246 2210 5
1278 2168 1328 2210 et
1357 2167 1645 2224 cataplasma.
1675 2181 1719 2211 v.
1752 2166 1835 2210 ad-

145 2222 402 2268 hibendum
433 2238 468 2268 e.
591 2224 764 2270 excitat
785 2239 844 2282 Ρ,
885 2225 1031 2270 exitat
1062 2239 1097 2271 c.
1221 2230 1249 2270 8
1281 2225 1455 2270 excitat
1476 2240 1537 2282 Ρ,
1577 2226 1768 2270 exem-at
1797 2238 1833 2270 c.

146 2286 172 2326 9
204 2282 310 2326 timi
340 2297 395 2339 ep
426 2282 583 2339 (thimi
605 2286 696 2341 ΡΟ).
849 2298 1030 2329 comam
1062 2286 1234 2342 (-ma.)
1267 2298 1334 2341 6Ρ.
1487 2284 1732 2328 decoctam
1764 2297 1832 2340 6Ρ.

146 2358 196 2400 et
216 2369 320 2400 cum
345 2356 486 2401 melle
510 2372 544 2401 s.
568 2357 668 2416 ipm
690 2357 869 2414 liquore
893 2357 962 2403 ori
983 2357 1160 2402 isusum
1192 2372 1229 2414 e,
1261 2371 1366 2402 eum
1391 2375 1424 2404 s
1457 2358 1583 2403 mell'
1615 2359 1664 2402 et
1692 2341 1835 2415 hqdv.

145 2445 219 2498 1pe
252 2429 323 2475 ori
349 2431 530 2476 infusus
554 2445 606 2488 Ρ.
729 2437 781 2476 11
814 2431 1055 2488 litargicos
1086 2456 1143 2464 —
1174 2432 1269 2489 (14)
1302 2432 1476 2477 excitat
1505 2445 1589 2478 om.
1616 2445 1652 2477 c.
1777 2437 1833 2477 14

146 2490 186 2533 si
223 2490 393 2534 uritica.
430 2490 663 2535 senciatur
699 2504 735 2535 6.
890 2495 944 2535 15
982 2490 1181 2547 frigetur
1211 2505 1261 2548 Ρ.
1418 2497 1470 2536 16
1510 2491 1580 2536 De
1620 2492 1835 2537 cardiace

144 2548 360 2605 passione
383 2563 432 2606 Ρ.
589 2555 641 2594 17
674 2550 831 2606 passio
870 2564 930 2595 m.
964 2564 1002 2595 6.
1035 2549 1257 2595 distensio
1288 2565 1338 2607 Ρ.
1494 2555 1549 2595 18
1589 2550 1735 2595 animi
1764 2565 1833 2607 οΡ.

144 2609 283 2664 per(‘?)
317 2609 553 2654 sudorem:
585 2607 779 2666 psudore
795 2623 846 2665 Ρ.
966 2608 1185 2654 tetricum
1207 2610 1287 2665 (cf.
1315 2608 1433 2655 Cael.
1458 2609 1518 2656 A.
1543 2622 1616 2654 ox.
1647 2614 1696 2664 2,
1725 2613 1833 2654 167.

144 2685 251 2726 186.
282 2686 413 2738 190):
446 2687 533 2733 fet.
566 2682 655 2728 ici?
679 2697 730 2741 Ρ.
840 2688 893 2727 19
916 2681 1244 2740 pei-fricatione
1259 2697 1309 2739 Ρ.
1418 2687 1474 2727 20
1499 2684 1581 2727 aut
1605 2684 1762 2740 (vom.)
1785 2697 1829 2728 c:

146 2741 260 2796 etp.
381 2756 522 2797 quam
553 2755 745 2787 causeos
775 2756 820 2798 6,
860 2756 1001 2799 quam
1044 2754 1296 2787 encanseos
1317 2756 1369 2799 Ρ.
1492 2747 1548 2786 22
1580 2742 1763 2800 pulsum
1796 2755 1831 2787 c.

145 2799 311 2845 micros
342 2800 487 2845 faciat
517 2815 553 2857 c,
585 2801 754 2847 micros
785 2800 896 2845 fixia„
920 2815 970 2857 Ρ.
