<?xml version="1.0" encoding="UTF-8"?>
<!DOCTYPE html PUBLIC "-//W3C//DTD XHTML 1.0 Transitional//EN"
    "http://www.w3.org/TR/xhtml1/DTD/xhtml1-transitional.dtd">
<html xmlns="http://www.w3.org/1999/xhtml" xml:lang="en" lang="en">
 <head>
  <title>
</title>
<meta http-equiv="Content-Type" content="text/html;charset=utf-8" />
  <meta name='ocr-system' content='tesseract 3.04.00' />
  <meta name='ocr-capabilities' content='ocr_page ocr_carea ocr_par ocr_line ocrx_word'/>
</head>
<body>
  <div class='ocr_page' id='page_1' title='image "./demedicinaexgrae00cassuoft_0217.png"; bbox 0 0 2004 3186; ppageno 0'>
   <div class='ocr_carea' id='block_1_1' title="bbox 764 128 1166 181">
    <p class='ocr_par' dir='ltr' id='par_1_1' title="bbox 764 128 1166 181">
     <span class='ocr_line' id='line_1_1' title="bbox 764 128 1166 181; baseline 0.002 -1"><span class='ocrx_word' id='word_1_1' title='bbox 764 128 1018 181; x_wconf 81' lang='lat'>—203</span> <span class='ocrx_word' id='word_1_2' title='bbox 1098 159 1166 166; x_wconf 95' lang='lat'><strong>—</strong></span> 
     </span>
    </p>
   </div>
   <div class='ocr_carea' id='block_1_2' title="bbox 82 239 920 2886">
    <p class='ocr_par' dir='ltr' id='par_1_2' title="bbox 141 239 916 343">
     <span class='ocr_line' id='line_1_2' title="bbox 141 239 916 297; baseline 0 -13"><span class='ocrx_word' id='word_1_3' title='bbox 141 254 178 294; x_wconf 92' lang='grc'>0,</span> <span class='ocrx_word' id='word_1_4' title='bbox 214 240 410 284; x_wconf 87' lang='lat' dir='ltr'>-clima</span> <span class='ocrx_word' id='word_1_5' title='bbox 440 242 494 297; x_wconf 94' lang='grc' dir='ltr'>Ρ)</span> <span class='ocrx_word' id='word_1_6' title='bbox 533 241 623 286; x_wconf 91' lang='grc'>1100</span> <span class='ocrx_word' id='word_1_7' title='bbox 654 242 725 285; x_wconf 90' lang='lat' dir='ltr'>est</span> <span class='ocrx_word' id='word_1_8' title='bbox 755 239 916 286; x_wconf 87' lang='lat' dir='ltr'>inlini-</span> 
     </span>
     <span class='ocr_line' id='line_1_3' title="bbox 141 301 454 343; baseline 0.003 -1"><span class='ocrx_word' id='word_1_9' title='bbox 141 301 352 342; x_wconf 88' lang='lat' dir='ltr'>mentum</span> <span class='ocrx_word' id='word_1_10' title='bbox 383 304 454 343; x_wconf 81' lang='lat'>3⁷.</span> 
     </span>
    </p>

    <p class='ocr_par' dir='ltr' id='par_1_3' title="bbox 112 354 917 591">
     <span class='ocr_line' id='line_1_4' title="bbox 112 354 913 414; baseline 0.001 -13"><span class='ocrx_word' id='word_1_11' title='bbox 112 354 440 413; x_wconf 80' lang='grc' dir='ltr'><strong><em>δικέφαλοςς</em></strong></span> <span class='ocrx_word' id='word_1_12' title='bbox 502 358 598 403; x_wconf 86' lang='lat' dir='ltr'>alia</span> <span class='ocrx_word' id='word_1_13' title='bbox 657 358 792 414; x_wconf 86' lang='lat' dir='ltr'>(uvae</span> <span class='ocrx_word' id='word_1_14' title='bbox 846 358 913 402; x_wconf 91' lang='lat' dir='ltr'>di-</span> 
     </span>
     <span class='ocr_line' id='line_1_5' title="bbox 141 415 914 474; baseline 0.001 -14"><span class='ocrx_word' id='word_1_15' title='bbox 141 415 333 466; x_wconf 68' lang='lat' dir='ltr'>stantia)</span> <span class='ocrx_word' id='word_1_16' title='bbox 380 416 654 474; x_wconf 87' lang='lat' dir='ltr'>dicephalos</span> <span class='ocrx_word' id='word_1_17' title='bbox 712 417 914 473; x_wconf 88' lang='lat' dir='ltr'>(diacoe-</span> 
     </span>
     <span class='ocr_line' id='line_1_6' title="bbox 140 475 917 533; baseline 0.003 -15"><span class='ocrx_word' id='word_1_18' title='bbox 140 475 305 531; x_wconf 87' lang='lat' dir='ltr'>phales</span> <span class='ocrx_word' id='word_1_19' title='bbox 350 477 397 531; x_wconf 99' lang='grc'>9)</span> <span class='ocrx_word' id='word_1_20' title='bbox 444 475 686 532; x_wconf 86' lang='lat' dir='ltr'>appellata</span> <span class='ocrx_word' id='word_1_21' title='bbox 729 476 805 520; x_wconf 84' lang='lat' dir='ltr'>vel</span> <span class='ocrx_word' id='word_1_22' title='bbox 850 476 917 533; x_wconf 87' lang='lat' dir='ltr'>(id</span> 
     </span>
     <span class='ocr_line' id='line_1_7' title="bbox 141 534 658 591; baseline 0.002 -13"><span class='ocrx_word' id='word_1_23' title='bbox 141 535 213 578; x_wconf 88' lang='lat' dir='ltr'>est</span> <span class='ocrx_word' id='word_1_24' title='bbox 243 536 316 590; x_wconf 88' lang='grc' dir='ltr'>οΡ)</span> <span class='ocrx_word' id='word_1_25' title='bbox 348 534 558 591; x_wconf 87' lang='lat' dir='ltr'>bicapita</span> <span class='ocrx_word' id='word_1_26' title='bbox 588 539 658 579; x_wconf 85' lang='lat'>35.</span> 
     </span>
    </p>

    <p class='ocr_par' dir='ltr' id='par_1_4' title="bbox 111 592 915 943">
     <span class='ocr_line' id='line_1_8' title="bbox 111 592 914 651; baseline 0.002 -15"><span class='ocrx_word' id='word_1_27' title='bbox 111 592 492 651; x_wconf 79' lang='grc' dir='ltr'><strong><em>διουρητικόςς</em></strong></span> <span class='ocrx_word' id='word_1_28' title='bbox 540 592 790 638; x_wconf 88' lang='lat' dir='ltr'>diureticas</span> <span class='ocrx_word' id='word_1_29' title='bbox 832 607 914 651; x_wconf 90' lang='lat' dir='ltr'>po—</span> 
     </span>
     <span class='ocr_line' id='line_1_9' title="bbox 140 651 915 709; baseline 0.003 -14"><span class='ocrx_word' id='word_1_30' title='bbox 140 651 292 695; x_wconf 78' lang='lat' dir='ltr'>tiones</span> <span class='ocrx_word' id='word_1_31' title='bbox 333 651 467 696; x_wconf 87' lang='lat' dir='ltr'>dabis</span> <span class='ocrx_word' id='word_1_32' title='bbox 497 651 547 695; x_wconf 90' lang='lat' dir='ltr'>id</span> <span class='ocrx_word' id='word_1_33' title='bbox 578 654 651 696; x_wconf 90' lang='lat' dir='ltr'>est</span> <span class='ocrx_word' id='word_1_34' title='bbox 682 666 801 708; x_wconf 87' lang='lat' dir='ltr'>quae</span> <span class='ocrx_word' id='word_1_35' title='bbox 831 667 915 709; x_wconf 90' lang='lat' dir='ltr'>per</span> 
     </span>
     <span class='ocr_line' id='line_1_10' title="bbox 140 709 911 768; baseline 0.003 -15"><span class='ocrx_word' id='word_1_36' title='bbox 140 709 322 754; x_wconf 87' lang='lat' dir='ltr'>urinam</span> <span class='ocrx_word' id='word_1_37' title='bbox 353 724 554 768; x_wconf 83' lang='lat' dir='ltr'>purgare</span> <span class='ocrx_word' id='word_1_38' title='bbox 582 714 811 756; x_wconf 88' lang='lat' dir='ltr'>noverunt</span> <span class='ocrx_word' id='word_1_39' title='bbox 842 717 911 756; x_wconf 79' lang='lat'>21.</span> 
     </span>
     <span class='ocr_line' id='line_1_11' title="bbox 141 770 915 826; baseline 0.003 -14"><span class='ocrx_word' id='word_1_40' title='bbox 141 770 250 825; x_wconf 88' lang='lat'>(44).</span> <span class='ocrx_word' id='word_1_41' title='bbox 318 770 608 826; x_wconf 74' lang='lat' dir='ltr'>cataplasma</span> <span class='ocrx_word' id='word_1_42' title='bbox 658 770 915 818; x_wconf 84' lang='lat' dir='ltr'>diureticon</span> 
     </span>
     <span class='ocr_line' id='line_1_12' title="bbox 139 827 914 885; baseline 0.004 -14"><span class='ocrx_word' id='word_1_43' title='bbox 139 827 190 871; x_wconf 92' lang='lat' dir='ltr'>id</span> <span class='ocrx_word' id='word_1_44' title='bbox 219 829 291 872; x_wconf 88' lang='lat' dir='ltr'>est</span> <span class='ocrx_word' id='word_1_45' title='bbox 314 828 491 873; x_wconf 91' lang='lat' dir='ltr'>urinale</span> <span class='ocrx_word' id='word_1_46' title='bbox 516 832 586 872; x_wconf 89' lang='lat'>44</span> <span class='ocrx_word' id='word_1_47' title='bbox 634 829 914 885; x_wconf 90' lang='lat' dir='ltr'>(antidotum</span> 
     </span>
     <span class='ocr_line' id='line_1_13' title="bbox 141 886 544 943; baseline 0.002 -13"><span class='ocrx_word' id='word_1_48' title='bbox 141 886 420 931; x_wconf 85' lang='lat' dir='ltr'>diureticum</span> <span class='ocrx_word' id='word_1_49' title='bbox 454 890 544 943; x_wconf 82' lang='lat'>75.)</span> 
     </span>
    </p>

    <p class='ocr_par' dir='ltr' id='par_1_5' title="bbox 112 942 914 991">
     <span class='ocr_line' id='line_1_14' title="bbox 112 942 914 991; baseline 0.001 -2"><span class='ocrx_word' id='word_1_50' title='bbox 112 946 151 989; x_wconf 91' lang='grc' dir='ltr'><strong><em>δ</em></strong></span> <span class='ocrx_word' id='word_1_51' title='bbox 154 942 561 991; x_wconf 79' lang='grc' dir='ltr'><strong><em>υσαπουλωτα</em></strong></span> <span class='ocrx_word' id='word_1_52' title='bbox 600 946 757 991; x_wconf 89' lang='lat' dir='ltr'>ulcera</span> <span class='ocrx_word' id='word_1_53' title='bbox 796 947 914 991; x_wconf 86' lang='lat' dir='ltr'>diffi-</span> 
     </span>
    </p>

    <p class='ocr_par' dir='ltr' id='par_1_6' title="bbox 140 1003 915 1239">
     <span class='ocr_line' id='line_1_15' title="bbox 141 1003 915 1050; baseline 0.003 -2.067"><span class='ocrx_word' id='word_1_54' title='bbox 141 1004 229 1049; x_wconf 90' lang='lat' dir='ltr'>cile</span> <span class='ocrx_word' id='word_1_55' title='bbox 274 1003 324 1049; x_wconf 89' lang='lat' dir='ltr'>in</span> <span class='ocrx_word' id='word_1_56' title='bbox 370 1004 636 1049; x_wconf 73' lang='lat' dir='ltr'>cicatricem</span> <span class='ocrx_word' id='word_1_57' title='bbox 677 1005 915 1050; x_wconf 88' lang='lat' dir='ltr'>venientia</span> 
     </span>
     <span class='ocr_line' id='line_1_16' title="bbox 140 1064 912 1121; baseline 0.003 -14"><span class='ocrx_word' id='word_1_58' title='bbox 140 1077 259 1119; x_wconf 88' lang='lat' dir='ltr'>quae</span> <span class='ocrx_word' id='word_1_59' title='bbox 277 1064 542 1121; x_wconf 87' lang='lat' dir='ltr'>disapulota</span> <span class='ocrx_word' id='word_1_60' title='bbox 557 1064 854 1121; x_wconf 87' lang='lat' dir='ltr'>(desapiolita</span> <span class='ocrx_word' id='word_1_61' title='bbox 869 1079 912 1121; x_wconf 92' lang='grc'>9,</span> 
     </span>
     <span class='ocr_line' id='line_1_17' title="bbox 141 1121 912 1181; baseline 0.003 -15"><span class='ocrx_word' id='word_1_62' title='bbox 141 1121 392 1180; x_wconf 87' lang='lat' dir='ltr'>disapolita</span> <span class='ocrx_word' id='word_1_63' title='bbox 424 1124 496 1179; x_wconf 87' lang='grc' dir='ltr'>οΡ)</span> <span class='ocrx_word' id='word_1_64' title='bbox 537 1126 710 1168; x_wconf 90' lang='lat' dir='ltr'>vocant</span> <span class='ocrx_word' id='word_1_65' title='bbox 747 1128 803 1168; x_wconf 81' lang='lat'>29</span> <span class='ocrx_word' id='word_1_66' title='bbox 837 1125 912 1181; x_wconf 83' lang='lat' dir='ltr'>(cf.</span> 
     </span>
     <span class='ocr_line' id='line_1_18' title="bbox 141 1181 589 1239; baseline 0.004 -14"><span class='ocrx_word' id='word_1_67' title='bbox 141 1181 252 1226; x_wconf 83' lang='lat' dir='ltr'>Sim.</span> <span class='ocrx_word' id='word_1_68' title='bbox 284 1195 319 1226; x_wconf 79' lang='lat' dir='ltr'>s.</span> <span class='ocrx_word' id='word_1_69' title='bbox 353 1182 589 1239; x_wconf 89' lang='lat' dir='ltr'>disulota).</span> 
     </span>
    </p>

    <p class='ocr_par' dir='ltr' id='par_1_7' title="bbox 112 1236 916 1402">
     <span class='ocr_line' id='line_1_19' title="bbox 112 1236 914 1286; baseline 0.001 -2"><span class='ocrx_word' id='word_1_70' title='bbox 112 1236 391 1285; x_wconf 74' lang='grc' dir='ltr'><strong><em>δύσκολαε</em></strong></span> <span class='ocrx_word' id='word_1_71' title='bbox 427 1241 488 1284; x_wconf 84' lang='lat' dir='ltr'>ad</span> <span class='ocrx_word' id='word_1_72' title='bbox 519 1241 677 1285; x_wconf 90' lang='lat' dir='ltr'>omnia</span> <span class='ocrx_word' id='word_1_73' title='bbox 707 1241 914 1286; x_wconf 86' lang='lat' dir='ltr'>carcino-</span> 
     </span>
     <span class='ocr_line' id='line_1_20' title="bbox 141 1299 916 1345; baseline 0.001 -2"><span class='ocrx_word' id='word_1_74' title='bbox 141 1302 270 1343; x_wconf 85' lang='lat' dir='ltr'>mata</span> <span class='ocrx_word' id='word_1_75' title='bbox 294 1333 302 1342; x_wconf 91' lang='lat'>.</span> <span class='ocrx_word' id='word_1_76' title='bbox 331 1335 340 1343; x_wconf 91' lang='lat'>.</span> <span class='ocrx_word' id='word_1_77' title='bbox 369 1334 378 1343; x_wconf 95' lang='lat'>.</span> <span class='ocrx_word' id='word_1_78' title='bbox 404 1301 453 1343; x_wconf 89' lang='lat' dir='ltr'>et</span> <span class='ocrx_word' id='word_1_79' title='bbox 494 1299 555 1344; x_wconf 90' lang='lat' dir='ltr'>ad</span> <span class='ocrx_word' id='word_1_80' title='bbox 601 1299 697 1344; x_wconf 90' lang='lat' dir='ltr'>alia</span> <span class='ocrx_word' id='word_1_81' title='bbox 739 1300 916 1345; x_wconf 83' lang='lat' dir='ltr'>discola</span> 
     </span>
     <span class='ocr_line' id='line_1_21' title="bbox 139 1358 635 1404; baseline 0 -2"><span class='ocrx_word' id='word_1_82' title='bbox 139 1358 189 1402; x_wconf 89' lang='lat' dir='ltr'>id</span> <span class='ocrx_word' id='word_1_83' title='bbox 221 1360 294 1402; x_wconf 87' lang='lat' dir='ltr'>est</span> <span class='ocrx_word' id='word_1_84' title='bbox 324 1358 535 1402; x_wconf 89' lang='lat' dir='ltr'>difficilia</span> <span class='ocrx_word' id='word_1_85' title='bbox 567 1363 635 1404; x_wconf 82' lang='lat'>79.</span> 
     </span>
    </p>

    <p class='ocr_par' dir='ltr' id='par_1_8' title="bbox 112 1416 915 1580">
     <span class='ocr_line' id='line_1_22' title="bbox 112 1416 914 1475; baseline 0 -15"><span class='ocrx_word' id='word_1_86' title='bbox 112 1417 452 1475; x_wconf 67' lang='grc' dir='ltr'><strong><em>δυσκρασίας</em></strong></span> <span class='ocrx_word' id='word_1_87' title='bbox 484 1418 570 1461; x_wconf 85' lang='lat' dir='ltr'>sub</span> <span class='ocrx_word' id='word_1_88' title='bbox 594 1416 776 1461; x_wconf 87' lang='lat' dir='ltr'>difficili</span> <span class='ocrx_word' id='word_1_89' title='bbox 799 1418 914 1461; x_wconf 92' lang='lat' dir='ltr'>tem-</span> 
     </span>
     <span class='ocr_line' id='line_1_23' title="bbox 139 1475 915 1533; baseline 0 -13"><span class='ocrx_word' id='word_1_90' title='bbox 139 1476 355 1532; x_wconf 87' lang='lat' dir='ltr'>perantia</span> <span class='ocrx_word' id='word_1_91' title='bbox 371 1475 576 1533; x_wconf 85' lang='lat' dir='ltr'>corporis</span> <span class='ocrx_word' id='word_1_92' title='bbox 590 1490 731 1532; x_wconf 90' lang='lat' dir='ltr'>quam</span> <span class='ocrx_word' id='word_1_93' title='bbox 748 1476 915 1520; x_wconf 84' lang='lat' dir='ltr'>Graeci</span> 
     </span>
     <span class='ocr_line' id='line_1_24' title="bbox 140 1534 697 1585; baseline 0.002 -7"><span class='ocrx_word' id='word_1_94' title='bbox 140 1534 397 1585; x_wconf 89' lang='lat' dir='ltr'>discrasian</span> <span class='ocrx_word' id='word_1_95' title='bbox 427 1536 597 1579; x_wconf 85' lang='lat' dir='ltr'>vocant</span> <span class='ocrx_word' id='word_1_96' title='bbox 628 1539 697 1579; x_wconf 80' lang='lat'>75.</span> 
     </span>
    </p>

    <p class='ocr_par' dir='ltr' id='par_1_9' title="bbox 113 1593 912 1696">
     <span class='ocr_line' id='line_1_25' title="bbox 113 1593 912 1650; baseline 0.001 -12"><span class='ocrx_word' id='word_1_97' title='bbox 113 1594 413 1650; x_wconf 82' lang='grc' dir='ltr'><strong><em>δυσουρίας</em></strong></span> <span class='ocrx_word' id='word_1_98' title='bbox 435 1594 608 1638; x_wconf 88' lang='lat' dir='ltr'>disuria</span> <span class='ocrx_word' id='word_1_99' title='bbox 615 1594 663 1638; x_wconf 91' lang='lat' dir='ltr'>id</span> <span class='ocrx_word' id='word_1_100' title='bbox 673 1594 745 1638; x_wconf 90' lang='lat' dir='ltr'>est</span> <span class='ocrx_word' id='word_1_101' title='bbox 751 1593 912 1639; x_wconf 88' lang='lat' dir='ltr'>urinae</span> 
     </span>
     <span class='ocr_line' id='line_1_26' title="bbox 142 1652 499 1696; baseline 0 0"><span class='ocrx_word' id='word_1_102' title='bbox 142 1652 395 1696; x_wconf 85' lang='lat' dir='ltr'>difficultas</span> <span class='ocrx_word' id='word_1_103' title='bbox 427 1657 499 1696; x_wconf 83' lang='lat'>46.</span> 
     </span>
    </p>

    <p class='ocr_par' dir='ltr' id='par_1_10' title="bbox 113 1710 914 1874">
     <span class='ocr_line' id='line_1_27' title="bbox 113 1710 914 1769; baseline -0.001 -14"><span class='ocrx_word' id='word_1_104' title='bbox 113 1713 151 1755; x_wconf 90' lang='grc' dir='ltr'><strong><em>δ</em></strong></span> <span class='ocrx_word' id='word_1_105' title='bbox 153 1711 551 1769; x_wconf 78' lang='grc' dir='ltr'><strong><em>υσουροῦντεςς</em></strong></span> <span class='ocrx_word' id='word_1_106' title='bbox 576 1710 778 1756; x_wconf 90' lang='lat' dir='ltr'>minctus</span> <span class='ocrx_word' id='word_1_107' title='bbox 795 1711 914 1755; x_wconf 89' lang='lat' dir='ltr'>diffi-</span> 
     </span>
     <span class='ocr_line' id='line_1_28' title="bbox 143 1769 915 1826; baseline 0 -12"><span class='ocrx_word' id='word_1_108' title='bbox 143 1770 317 1814; x_wconf 84' lang='lat' dir='ltr'>cultate</span> <span class='ocrx_word' id='word_1_109' title='bbox 339 1770 661 1815; x_wconf 84' lang='lat' dir='ltr'>laborantibus</span> <span class='ocrx_word' id='word_1_110' title='bbox 686 1783 800 1826; x_wconf 89' lang='grc'>(11108</span> <span class='ocrx_word' id='word_1_111' title='bbox 825 1769 915 1814; x_wconf 88' lang='grc'>(118-</span> 
     </span>
     <span class='ocr_line' id='line_1_29' title="bbox 142 1830 638 1874; baseline 0.004 -2"><span class='ocrx_word' id='word_1_112' title='bbox 142 1830 334 1873; x_wconf 86' lang='lat' dir='ltr'>uruntas</span> <span class='ocrx_word' id='word_1_113' title='bbox 365 1830 537 1874; x_wconf 82' lang='lat' dir='ltr'>vocant</span> <span class='ocrx_word' id='word_1_114' title='bbox 567 1833 638 1874; x_wconf 90' lang='lat'>45.</span> 
     </span>
    </p>

    <p class='ocr_par' dir='ltr' id='par_1_11' title="bbox 114 1887 917 2180">
     <span class='ocr_line' id='line_1_30' title="bbox 114 1887 915 1945; baseline -0.001 -13"><span class='ocrx_word' id='word_1_115' title='bbox 114 1887 432 1945; x_wconf 79' lang='grc' dir='ltr'><strong><em>δυσπεψίας</em></strong></span> <span class='ocrx_word' id='word_1_116' title='bbox 473 1887 649 1932; x_wconf 89' lang='lat' dir='ltr'>faciens</span> <span class='ocrx_word' id='word_1_117' title='bbox 689 1888 749 1932; x_wconf 84' lang='lat' dir='ltr'>ad</span> <span class='ocrx_word' id='word_1_118' title='bbox 794 1887 915 1931; x_wconf 88' lang='lat' dir='ltr'>duri-</span> 
     </span>
     <span class='ocr_line' id='line_1_31' title="bbox 141 1946 917 1991; baseline 0 -1"><span class='ocrx_word' id='word_1_119' title='bbox 141 1946 259 1991; x_wconf 85' lang='lat' dir='ltr'>tiam</span> <span class='ocrx_word' id='word_1_120' title='bbox 313 1948 361 1991; x_wconf 94' lang='lat' dir='ltr'>et</span> <span class='ocrx_word' id='word_1_121' title='bbox 414 1947 475 1991; x_wconf 89' lang='lat' dir='ltr'>ad</span> <span class='ocrx_word' id='word_1_122' title='bbox 528 1946 822 1991; x_wconf 82' lang='lat' dir='ltr'>debilitatem</span> <span class='ocrx_word' id='word_1_123' title='bbox 869 1948 917 1990; x_wconf 91' lang='lat' dir='ltr'>et</span> 
     </span>
     <span class='ocr_line' id='line_1_32' title="bbox 143 2004 917 2062; baseline -0.003 -12"><span class='ocrx_word' id='word_1_124' title='bbox 143 2004 493 2062; x_wconf 82' lang='lat' dir='ltr'>oppressionem</span> <span class='ocrx_word' id='word_1_125' title='bbox 522 2004 751 2050; x_wconf 85' lang='lat' dir='ltr'>stomachi</span> <span class='ocrx_word' id='word_1_126' title='bbox 775 2019 917 2061; x_wconf 90' lang='lat' dir='ltr'>quam</span> 
     </span>
     <span class='ocr_line' id='line_1_33' title="bbox 144 2063 915 2123; baseline -0.001 -15"><span class='ocrx_word' id='word_1_127' title='bbox 144 2064 310 2109; x_wconf 89' lang='lat' dir='ltr'>Graeci</span> <span class='ocrx_word' id='word_1_128' title='bbox 348 2064 517 2122; x_wconf 85' lang='lat' dir='ltr'>dypsin</span> <span class='ocrx_word' id='word_1_129' title='bbox 555 2066 621 2123; x_wconf 92' lang='grc'>(9,</span> <span class='ocrx_word' id='word_1_130' title='bbox 665 2063 842 2121; x_wconf 87' lang='lat' dir='ltr'>pussim</span> <span class='ocrx_word' id='word_1_131' title='bbox 864 2078 915 2121; x_wconf 88' lang='grc' dir='ltr'>Ρ,</span> 
     </span>
     <span class='ocr_line' id='line_1_34' title="bbox 142 2123 691 2180; baseline -0.002 -13"><span class='ocrx_word' id='word_1_132' title='bbox 142 2123 286 2180; x_wconf 88' lang='lat' dir='ltr'>ptisin</span> <span class='ocrx_word' id='word_1_133' title='bbox 310 2126 385 2180; x_wconf 67' lang='lat' dir='ltr'>pc)</span> <span class='ocrx_word' id='word_1_134' title='bbox 417 2127 590 2168; x_wconf 83' lang='lat' dir='ltr'>vocant</span> <span class='ocrx_word' id='word_1_135' title='bbox 620 2128 691 2166; x_wconf 81' lang='grc'>42.</span> 
     </span>
    </p>

    <p class='ocr_par' dir='ltr' id='par_1_12' title="bbox 82 2180 918 2474">
     <span class='ocr_line' id='line_1_35' title="bbox 82 2180 917 2240; baseline -0.001 -13"><span class='ocrx_word' id='word_1_136' title='bbox 82 2198 87 2202; x_wconf 91' lang='grc'><strong><em>·</em></strong></span> <span class='ocrx_word' id='word_1_137' title='bbox 114 2180 423 2227; x_wconf 82' lang='grc' dir='ltr'><strong><em>δύσπνοιας</em></strong></span> <span class='ocrx_word' id='word_1_138' title='bbox 476 2182 661 2240; x_wconf 88' lang='lat' dir='ltr'>dispnia</span> <span class='ocrx_word' id='word_1_139' title='bbox 715 2181 917 2238; x_wconf 85' lang='lat' dir='ltr'>(dipsnia</span> 
     </span>
     <span class='ocr_line' id='line_1_36' title="bbox 141 2240 915 2298; baseline -0.003 -12"><span class='ocrx_word' id='word_1_140' title='bbox 141 2255 217 2298; x_wconf 87' lang='grc'>90,</span> <span class='ocrx_word' id='word_1_141' title='bbox 290 2241 441 2285; x_wconf 88' lang='lat' dir='ltr'>disnia</span> <span class='ocrx_word' id='word_1_142' title='bbox 492 2255 530 2298; x_wconf 98' lang='grc' dir='ltr'><em>Ρ</em></span> <span class='ocrx_word' id='word_1_143' title='bbox 592 2242 648 2296; x_wconf 79' lang='lat' dir='ltr'>cf.</span> <span class='ocrx_word' id='word_1_144' title='bbox 713 2240 825 2285; x_wconf 76' lang='lat' dir='ltr'>Sim.</span> <span class='ocrx_word' id='word_1_145' title='bbox 880 2254 915 2284; x_wconf 86' lang='lat' dir='ltr'>s.</span> 
     </span>
     <span class='ocr_line' id='line_1_37' title="bbox 143 2299 918 2356; baseline -0.001 -13"><span class='ocrx_word' id='word_1_146' title='bbox 143 2300 312 2356; x_wconf 90' lang='lat' dir='ltr'>disnia)</span> <span class='ocrx_word' id='word_1_147' title='bbox 360 2314 389 2344; x_wconf 91' lang='lat' dir='ltr'>a</span> <span class='ocrx_word' id='word_1_148' title='bbox 436 2299 624 2345; x_wconf 86' lang='lat' dir='ltr'>Graecis</span> <span class='ocrx_word' id='word_1_149' title='bbox 662 2299 835 2343; x_wconf 87' lang='lat' dir='ltr'>dicitur</span> <span class='ocrx_word' id='word_1_150' title='bbox 867 2299 918 2343; x_wconf 91' lang='lat' dir='ltr'>id</span> 
     </span>
     <span class='ocr_line' id='line_1_38' title="bbox 144 2357 916 2416; baseline -0.001 -14"><span class='ocrx_word' id='word_1_151' title='bbox 144 2360 217 2403; x_wconf 82' lang='lat' dir='ltr'>est</span> <span class='ocrx_word' id='word_1_152' title='bbox 242 2359 492 2403; x_wconf 88' lang='lat' dir='ltr'>difficultas</span> <span class='ocrx_word' id='word_1_153' title='bbox 516 2357 835 2416; x_wconf 83' lang='lat' dir='ltr'>respirationis</span> <span class='ocrx_word' id='word_1_154' title='bbox 860 2362 916 2401; x_wconf 89' lang='lat'>41</span> 
     </span>
     <span class='ocr_line' id='line_1_39' title="bbox 129 2417 606 2486; baseline 0.002 -25.036"><span class='ocrx_word' id='word_1_155' title='bbox 129 2418 221 2486; x_wconf 82' lang='lat' dir='ltr'>(cf.</span> <span class='ocrx_word' id='word_1_156' title='bbox 254 2419 313 2462; x_wconf 81' lang='lat' dir='ltr'>ib.</span> <span class='ocrx_word' id='word_1_157' title='bbox 347 2417 606 2486; x_wconf 89' lang='lat' dir='ltr'>dispnoici).</span> 
     </span>
    </p>

    <p class='ocr_par' dir='ltr' id='par_1_13' title="bbox 115 2472 920 2886">
     <span class='ocr_line' id='line_1_40' title="bbox 115 2472 917 2533; baseline -0.003 -12"><span class='ocrx_word' id='word_1_158' title='bbox 115 2472 787 2533; x_wconf 68' lang='grc' dir='ltr'>ἐγκαθισμας1118088101118</span> <span class='ocrx_word' id='word_1_159' title='bbox 849 2476 917 2520; x_wconf 87' lang='lat' dir='ltr'>fo-</span> 
     </span>
     <span class='ocr_line' id='line_1_41' title="bbox 145 2534 917 2589; baseline -0.001 -10"><span class='ocrx_word' id='word_1_160' title='bbox 145 2534 468 2589; x_wconf 80' lang='lat' dir='ltr'>mentatione8‚</span> <span class='ocrx_word' id='word_1_161' title='bbox 503 2549 614 2579; x_wconf 90' lang='lat' dir='ltr'>nam</span> <span class='ocrx_word' id='word_1_162' title='bbox 645 2534 811 2579; x_wconf 83' lang='lat' dir='ltr'>Graeci</span> <span class='ocrx_word' id='word_1_163' title='bbox 842 2549 917 2578; x_wconf 90' lang='lat' dir='ltr'>en·</span> 
     </span>
     <span class='ocr_line' id='line_1_42' title="bbox 145 2593 918 2638; baseline -0.001 0"><span class='ocrx_word' id='word_1_164' title='bbox 145 2593 343 2638; x_wconf 85' lang='lat' dir='ltr'>catisma</span> <span class='ocrx_word' id='word_1_165' title='bbox 372 2595 542 2638; x_wconf 83' lang='lat' dir='ltr'>vocant</span> <span class='ocrx_word' id='word_1_166' title='bbox 572 2599 643 2638; x_wconf 82' lang='lat'>46.</span> <span class='ocrx_word' id='word_1_167' title='bbox 706 2593 918 2638; x_wconf 88' lang='lat' dir='ltr'>decoctio</span> 
     </span>
     <span class='ocr_line' id='line_1_43' title="bbox 143 2652 918 2698; baseline 0 -2"><span class='ocrx_word' id='word_1_168' title='bbox 143 2653 192 2696; x_wconf 93' lang='lat' dir='ltr'>in</span> <span class='ocrx_word' id='word_1_169' title='bbox 207 2652 512 2698; x_wconf 84' lang='lat' dir='ltr'>encatismate</span> <span class='ocrx_word' id='word_1_170' title='bbox 531 2653 580 2696; x_wconf 90' lang='lat' dir='ltr'>id</span> <span class='ocrx_word' id='word_1_171' title='bbox 593 2654 665 2696; x_wconf 90' lang='lat' dir='ltr'>est</span> <span class='ocrx_word' id='word_1_172' title='bbox 684 2653 734 2696; x_wconf 92' lang='lat' dir='ltr'>in</span> <span class='ocrx_word' id='word_1_173' title='bbox 749 2652 918 2697; x_wconf 92' lang='lat' dir='ltr'>balneo</span> 
     </span>
     <span class='ocr_line' id='line_1_44' title="bbox 147 2711 918 2768; baseline -0.001 -13"><span class='ocrx_word' id='word_1_174' title='bbox 147 2726 286 2768; x_wconf 88' lang='lat' dir='ltr'>supra</span> <span class='ocrx_word' id='word_1_175' title='bbox 317 2711 483 2756; x_wconf 91' lang='lat' dir='ltr'>sellam</span> <span class='ocrx_word' id='word_1_176' title='bbox 524 2711 702 2756; x_wconf 87' lang='lat' dir='ltr'>sedenti</span> <span class='ocrx_word' id='word_1_177' title='bbox 727 2747 737 2756; x_wconf 95' lang='lat'>.</span> <span class='ocrx_word' id='word_1_178' title='bbox 765 2745 774 2754; x_wconf 95' lang='lat'>.</span> <span class='ocrx_word' id='word_1_179' title='bbox 802 2746 811 2756; x_wconf 97' lang='lat'>.</span> <span class='ocrx_word' id='word_1_180' title='bbox 839 2711 918 2754; x_wconf 83' lang='lat' dir='ltr'>ad-</span> 
     </span>
     <span class='ocr_line' id='line_1_45' title="bbox 144 2770 917 2826; baseline 0 -13"><span class='ocrx_word' id='word_1_181' title='bbox 144 2771 296 2815; x_wconf 87' lang='lat' dir='ltr'>hibita</span> <span class='ocrx_word' id='word_1_182' title='bbox 360 2775 413 2814; x_wconf 89' lang='lat'>81</span> <span class='ocrx_word' id='word_1_183' title='bbox 480 2771 556 2826; x_wconf 79' lang='lat' dir='ltr'>(cf.</span> <span class='ocrx_word' id='word_1_184' title='bbox 605 2770 717 2814; x_wconf 82' lang='lat' dir='ltr'>Sim.</span> <span class='ocrx_word' id='word_1_185' title='bbox 762 2783 797 2813; x_wconf 82' lang='lat' dir='ltr'>s.</span> <span class='ocrx_word' id='word_1_186' title='bbox 844 2772 917 2824; x_wconf 85' lang='lat' dir='ltr'>v.).</span> 
     </span>
     <span class='ocr_line' id='line_1_46' title="bbox 147 2828 920 2886; baseline -0.004 -12"><span class='ocrx_word' id='word_1_187' title='bbox 147 2829 267 2874; x_wconf 80' lang='lat' dir='ltr'>Cael.</span> <span class='ocrx_word' id='word_1_188' title='bbox 302 2830 393 2874; x_wconf 80' lang='lat' dir='ltr'>chr.</span> <span class='ocrx_word' id='word_1_189' title='bbox 426 2832 467 2886; x_wconf 90' lang='lat'>5,</span> <span class='ocrx_word' id='word_1_190' title='bbox 502 2833 556 2873; x_wconf 86' lang='lat'>69</span> <span class='ocrx_word' id='word_1_191' title='bbox 590 2830 639 2873; x_wconf 90' lang='lat' dir='ltr'>et</span> <span class='ocrx_word' id='word_1_192' title='bbox 668 2828 920 2873; x_wconf 82' lang='lat' dir='ltr'>sessionem</span> 
     </span>
    </p>
   </div>
   <div class='ocr_carea' id='block_1_3' title="bbox 996 242 1803 2820">
    <p class='ocr_par' dir='ltr' id='par_1_14' title="bbox 1027 242 1798 404">
     <span class='ocr_line' id='line_1_47' title="bbox 1029 242 1798 293; baseline 0.009 -7"><span class='ocrx_word' id='word_1_193' title='bbox 1029 256 1086 286; x_wconf 86' lang='lat' dir='ltr'>ex</span> <span class='ocrx_word' id='word_1_194' title='bbox 1141 242 1249 288; x_wconf 87' lang='lat' dir='ltr'>vino</span> <span class='ocrx_word' id='word_1_195' title='bbox 1302 246 1638 292; x_wconf 84' lang='lat' dir='ltr'>vehementiori</span> <span class='ocrx_word' id='word_1_196' title='bbox 1691 262 1798 293; x_wconf 88' lang='lat' dir='ltr'>con-</span> 
     </span>
     <span class='ocr_line' id='line_1_48' title="bbox 1027 300 1798 404; baseline 0.01 -60"><span class='ocrx_word' id='word_1_197' title='bbox 1027 300 1201 404; x_wconf 58' lang='grc' dir='ltr'>1001310ιο</span> <span class='ocrx_word' id='word_1_198' title='bbox 1232 316 1372 359; x_wconf 88' lang='lat' dir='ltr'>quam</span> <span class='ocrx_word' id='word_1_199' title='bbox 1412 300 1677 363; x_wconf 78' lang='grc' dir='ltr'><strong><em>ἔγκοὶθισμα</em></strong></span> <span class='ocrx_word' id='word_1_200' title='bbox 1718 322 1798 352; x_wconf 86' lang='lat' dir='ltr'>vo-</span> 
     </span>
     <span class='ocr_line' id='line_1_49' title="bbox 1030 373 1149 404; baseline 0.008 -1"><span class='ocrx_word' id='word_1_201' title='bbox 1030 373 1113 403; x_wconf 90' lang='lat' dir='ltr'>can</span> <span class='ocrx_word' id='word_1_202' title='bbox 1141 396 1149 404; x_wconf 90' lang='lat'>.</span> 
     </span>
    </p>

    <p class='ocr_par' dir='ltr' id='par_1_15' title="bbox 996 411 1801 1233">
     <span class='ocr_line' id='line_1_50' title="bbox 999 411 1798 474; baseline 0.009 -13"><span class='ocrx_word' id='word_1_203' title='bbox 999 411 1279 474; x_wconf 79' lang='grc' dir='ltr'><strong><em>ἔγκαυσιςς</em></strong></span> <span class='ocrx_word' id='word_1_204' title='bbox 1344 420 1383 463; x_wconf 90' lang='lat' dir='ltr'>si</span> <span class='ocrx_word' id='word_1_205' title='bbox 1436 434 1493 465; x_wconf 86' lang='lat' dir='ltr'>ex</span> <span class='ocrx_word' id='word_1_206' title='bbox 1549 436 1798 468; x_wconf 86' lang='lat' dir='ltr'>encauseos</span> 
     </span>
     <span class='ocr_line' id='line_1_51' title="bbox 1026 476 1798 527; baseline 0.009 -7"><span class='ocrx_word' id='word_1_207' title='bbox 1026 476 1170 522; x_wconf 84' lang='lat' dir='ltr'>fuerit</span> <span class='ocrx_word' id='word_1_208' title='bbox 1200 478 1334 523; x_wconf 90' lang='lat' dir='ltr'>dolor</span> <span class='ocrx_word' id='word_1_209' title='bbox 1363 479 1411 522; x_wconf 87' lang='lat' dir='ltr'>id</span> <span class='ocrx_word' id='word_1_210' title='bbox 1436 481 1508 524; x_wconf 88' lang='lat' dir='ltr'>est</span> <span class='ocrx_word' id='word_1_211' title='bbox 1536 493 1592 524; x_wconf 85' lang='lat' dir='ltr'>ex</span> <span class='ocrx_word' id='word_1_212' title='bbox 1615 482 1798 527; x_wconf 83' lang='lat' dir='ltr'>ustione</span> 
     </span>
     <span class='ocr_line' id='line_1_52' title="bbox 1029 535 1800 597; baseline 0.008 -18"><span class='ocrx_word' id='word_1_213' title='bbox 1029 535 1150 580; x_wconf 90' lang='lat' dir='ltr'>aeris</span> <span class='ocrx_word' id='word_1_214' title='bbox 1170 541 1208 582; x_wconf 92' lang='lat'>1.</span> <span class='ocrx_word' id='word_1_215' title='bbox 1241 536 1278 581; x_wconf 85' lang='lat' dir='ltr'>si</span> <span class='ocrx_word' id='word_1_216' title='bbox 1304 551 1359 581; x_wconf 87' lang='lat' dir='ltr'>ex</span> <span class='ocrx_word' id='word_1_217' title='bbox 1384 552 1633 584; x_wconf 87' lang='lat' dir='ltr'>encauseos</span> <span class='ocrx_word' id='word_1_218' title='bbox 1659 543 1800 597; x_wconf 87' lang='lat' dir='ltr'>caput</span> 
     </span>
     <span class='ocr_line' id='line_1_53' title="bbox 1027 594 1800 643; baseline 0.008 -6"><span class='ocrx_word' id='word_1_219' title='bbox 1027 594 1228 639; x_wconf 88' lang='lat' dir='ltr'>doluerit</span> <span class='ocrx_word' id='word_1_220' title='bbox 1267 596 1522 641; x_wconf 86' lang='lat' dir='ltr'>laborantis</span> <span class='ocrx_word' id='word_1_221' title='bbox 1558 598 1608 642; x_wconf 92' lang='lat' dir='ltr'>id</span> <span class='ocrx_word' id='word_1_222' title='bbox 1640 600 1712 642; x_wconf 90' lang='lat' dir='ltr'>est</span> <span class='ocrx_word' id='word_1_223' title='bbox 1743 613 1800 643; x_wconf 85' lang='lat' dir='ltr'>ex</span> 
     </span>
     <span class='ocr_line' id='line_1_54' title="bbox 1027 653 1800 702; baseline 0.006 -5"><span class='ocrx_word' id='word_1_224' title='bbox 1027 653 1268 698; x_wconf 84' lang='lat' dir='ltr'>adustione</span> <span class='ocrx_word' id='word_1_225' title='bbox 1283 660 1353 698; x_wconf 87' lang='grc'>61.</span> <span class='ocrx_word' id='word_1_226' title='bbox 1394 669 1450 699; x_wconf 85' lang='lat' dir='ltr'>ex</span> <span class='ocrx_word' id='word_1_227' title='bbox 1469 690 1478 699; x_wconf 94' lang='lat'>.</span> <span class='ocrx_word' id='word_1_228' title='bbox 1499 691 1508 700; x_wconf 89' lang='lat'>.</span> <span class='ocrx_word' id='word_1_229' title='bbox 1528 693 1537 702; x_wconf 94' lang='lat'>.</span> <span class='ocrx_word' id='word_1_230' title='bbox 1556 657 1800 702; x_wconf 87' lang='lat' dir='ltr'>adustione</span> 
     </span>
     <span class='ocr_line' id='line_1_55' title="bbox 1028 712 1800 771; baseline 0.008 -16"><span class='ocrx_word' id='word_1_231' title='bbox 1028 712 1154 768; x_wconf 91' lang='lat' dir='ltr'>quod</span> <span class='ocrx_word' id='word_1_232' title='bbox 1178 726 1234 757; x_wconf 87' lang='lat' dir='ltr'>ex</span> <span class='ocrx_word' id='word_1_233' title='bbox 1261 727 1510 759; x_wconf 87' lang='lat' dir='ltr'>encauseos</span> <span class='ocrx_word' id='word_1_234' title='bbox 1540 717 1698 771; x_wconf 88' lang='lat' dir='ltr'>(quam</span> <span class='ocrx_word' id='word_1_235' title='bbox 1722 731 1800 761; x_wconf 89' lang='lat' dir='ltr'>en·</span> 
     </span>
     <span class='ocr_line' id='line_1_56' title="bbox 1027 773 1797 828; baseline 0.004 -13"><span class='ocrx_word' id='word_1_236' title='bbox 1027 784 1218 816; x_wconf 84' lang='grc'>00118008</span> <span class='ocrx_word' id='word_1_237' title='bbox 1267 773 1338 828; x_wconf 90' lang='grc' dir='ltr'>οΡ)</span> <span class='ocrx_word' id='word_1_238' title='bbox 1394 773 1556 816; x_wconf 82' lang='lat' dir='ltr'>dicunt</span> <span class='ocrx_word' id='word_1_239' title='bbox 1602 779 1672 820; x_wconf 84' lang='lat'>62.</span> <span class='ocrx_word' id='word_1_240' title='bbox 1728 780 1797 819; x_wconf 82' lang='lat'>64.</span> 
     </span>
     <span class='ocr_line' id='line_1_57' title="bbox 1029 830 1799 886; baseline 0.004 -12"><span class='ocrx_word' id='word_1_241' title='bbox 1029 830 1150 884; x_wconf 79' lang='lat' dir='ltr'>(item</span> <span class='ocrx_word' id='word_1_242' title='bbox 1188 830 1310 886; x_wconf 82' lang='grc' dir='ltr'><em>ΑΡΡ.</em></span> <span class='ocrx_word' id='word_1_243' title='bbox 1351 833 1445 876; x_wconf 84' lang='lat' dir='ltr'>cod.</span> <span class='ocrx_word' id='word_1_244' title='bbox 1489 832 1602 876; x_wconf 85' lang='lat' dir='ltr'>Par.</span> <span class='ocrx_word' id='word_1_245' title='bbox 1641 833 1675 886; x_wconf 80' lang='lat' dir='ltr'>f.</span> <span class='ocrx_word' id='word_1_246' title='bbox 1717 832 1799 877; x_wconf 78' lang='lat' dir='ltr'>85b</span> 
     </span>
     <span class='ocr_line' id='line_1_58' title="bbox 1029 888 1801 945; baseline 0.005 -14"><span class='ocrx_word' id='word_1_247' title='bbox 1029 902 1086 932; x_wconf 85' lang='lat' dir='ltr'>ex</span> <span class='ocrx_word' id='word_1_248' title='bbox 1142 888 1386 934; x_wconf 88' lang='lat' dir='ltr'>adustione</span> <span class='ocrx_word' id='word_1_249' title='bbox 1441 904 1581 945; x_wconf 91' lang='lat' dir='ltr'>quam</span> <span class='ocrx_word' id='word_1_250' title='bbox 1636 890 1801 935; x_wconf 84' lang='lat' dir='ltr'>Graeci</span> 
     </span>
     <span class='ocr_line' id='line_1_59' title="bbox 1028 948 1502 1016; baseline 0.004 -26"><span class='ocrx_word' id='word_1_251' title='bbox 1028 960 1278 992; x_wconf 88' lang='lat' dir='ltr'>encauseos</span> <span class='ocrx_word' id='word_1_252' title='bbox 1310 948 1502 1016; x_wconf 89' lang='lat' dir='ltr'>dicunt).</span> 
     </span>
     <span class='ocr_line' id='line_1_60' title="bbox 996 1000 1802 1063; baseline 0.003 -14"><span class='ocrx_word' id='word_1_253' title='bbox 996 1000 1391 1063; x_wconf 77' lang='grc' dir='ltr'><strong><em>ἐγκολπισμόςς</em></strong></span> <span class='ocrx_word' id='word_1_254' title='bbox 1416 1007 1526 1051; x_wconf 80' lang='lat' dir='ltr'>Sim.</span> <span class='ocrx_word' id='word_1_255' title='bbox 1554 1021 1589 1052; x_wconf 84' lang='lat' dir='ltr'>s.</span> <span class='ocrx_word' id='word_1_256' title='bbox 1618 1008 1802 1062; x_wconf 83' lang='lat' dir='ltr'>„encol</span> 
     </span>
     <span class='ocr_line' id='line_1_61' title="bbox 1028 1065 1798 1121; baseline 0.004 -13"><span class='ocrx_word' id='word_1_257' title='bbox 1028 1065 1203 1121; x_wconf 89' lang='lat' dir='ltr'>pismus</span> <span class='ocrx_word' id='word_1_258' title='bbox 1249 1080 1316 1121; x_wconf 87' lang='lat' dir='ltr'>gr.</span> <span class='ocrx_word' id='word_1_259' title='bbox 1366 1065 1552 1110; x_wconf 85' lang='lat' dir='ltr'>Cassius</span> <span class='ocrx_word' id='word_1_260' title='bbox 1597 1066 1673 1111; x_wconf 89' lang='lat' dir='ltr'>Fe.</span> <span class='ocrx_word' id='word_1_261' title='bbox 1730 1081 1798 1111; x_wconf 89' lang='lat' dir='ltr'>ca.</span> 
     </span>
     <span class='ocr_line' id='line_1_62' title="bbox 1030 1180 1425 1233; baseline -0.003 -7"><span class='ocrx_word' id='word_1_262' title='bbox 1030 1207 1084 1214; x_wconf 94' lang='lat'><strong>—</strong></span> <span class='ocrx_word' id='word_1_263' title='bbox 1115 1183 1206 1227; x_wconf 79' lang='lat' dir='ltr'>vid.</span> <span class='ocrx_word' id='word_1_264' title='bbox 1240 1180 1425 1233; x_wconf 78' lang='grc' dir='ltr'><strong><em>κόλπος.</em></strong></span> 
     </span>
    </p>

    <p class='ocr_par' dir='ltr' id='par_1_16' title="bbox 997 1234 1802 1931">
     <span class='ocr_line' id='line_1_63' title="bbox 998 1234 1800 1298; baseline 0.002 -14"><span class='ocrx_word' id='word_1_265' title='bbox 998 1234 1237 1298; x_wconf 75' lang='grc' dir='ltr'><strong><em>ἕγχυμας</em></strong></span> <span class='ocrx_word' id='word_1_266' title='bbox 1292 1242 1352 1285; x_wconf 88' lang='lat' dir='ltr'>ad</span> <span class='ocrx_word' id='word_1_267' title='bbox 1407 1241 1559 1286; x_wconf 86' lang='lat' dir='ltr'>dentis</span> <span class='ocrx_word' id='word_1_268' title='bbox 1616 1242 1800 1286; x_wconf 87' lang='lat' dir='ltr'>dolores</span> 
     </span>
     <span class='ocr_line' id='line_1_64' title="bbox 1030 1299 1799 1356; baseline 0.001 -13"><span class='ocrx_word' id='word_1_269' title='bbox 1030 1299 1244 1343; x_wconf 90' lang='lat' dir='ltr'>enchima</span> <span class='ocrx_word' id='word_1_270' title='bbox 1275 1300 1480 1355; x_wconf 89' lang='lat' dir='ltr'>(endima</span> <span class='ocrx_word' id='word_1_271' title='bbox 1511 1314 1554 1356; x_wconf 94' lang='grc'>0,</span> <span class='ocrx_word' id='word_1_272' title='bbox 1599 1300 1799 1344; x_wconf 91' lang='lat' dir='ltr'>enclima</span> 
     </span>
     <span class='ocr_line' id='line_1_65' title="bbox 1005 1357 1798 1429; baseline 0.001 -28.022"><span class='ocrx_word' id='word_1_273' title='bbox 1005 1359 1075 1429; x_wconf 89' lang='grc' dir='ltr'>Ρ)</span> <span class='ocrx_word' id='word_1_274' title='bbox 1107 1358 1158 1401; x_wconf 91' lang='grc'>1(1</span> <span class='ocrx_word' id='word_1_275' title='bbox 1190 1359 1262 1402; x_wconf 86' lang='lat' dir='ltr'>est</span> <span class='ocrx_word' id='word_1_276' title='bbox 1290 1358 1462 1403; x_wconf 83' lang='lat' dir='ltr'>infusio</span> <span class='ocrx_word' id='word_1_277' title='bbox 1493 1357 1542 1402; x_wconf 91' lang='grc'>10</span> <span class='ocrx_word' id='word_1_278' title='bbox 1570 1373 1703 1402; x_wconf 89' lang='lat' dir='ltr'>nares</span> <span class='ocrx_word' id='word_1_279' title='bbox 1727 1364 1798 1404; x_wconf 83' lang='lat'>32.</span> 
     </span>
     <span class='ocr_line' id='line_1_66' title="bbox 997 1413 1801 1474; baseline -0.001 -12"><span class='ocrx_word' id='word_1_280' title='bbox 997 1413 1163 1474; x_wconf 77' lang='grc' dir='ltr'><strong><em>έδρας</em></strong></span> <span class='ocrx_word' id='word_1_281' title='bbox 1203 1416 1253 1460; x_wconf 89' lang='grc'>10</span> <span class='ocrx_word' id='word_1_282' title='bbox 1292 1430 1419 1461; x_wconf 90' lang='lat' dir='ltr'>sessu</span> <span class='ocrx_word' id='word_1_283' title='bbox 1458 1431 1596 1473; x_wconf 90' lang='lat' dir='ltr'>quem</span> <span class='ocrx_word' id='word_1_284' title='bbox 1634 1417 1801 1461; x_wconf 86' lang='lat' dir='ltr'>Graeci</span> 
     </span>
     <span class='ocr_line' id='line_1_67' title="bbox 1028 1475 1800 1532; baseline 0 -13"><span class='ocrx_word' id='word_1_285' title='bbox 1028 1475 1172 1519; x_wconf 88' lang='lat' dir='ltr'>edran</span> <span class='ocrx_word' id='word_1_286' title='bbox 1195 1477 1378 1532; x_wconf 85' lang='lat' dir='ltr'>vocant,</span> <span class='ocrx_word' id='word_1_287' title='bbox 1410 1475 1594 1520; x_wconf 85' lang='lat' dir='ltr'>diversa</span> <span class='ocrx_word' id='word_1_288' title='bbox 1620 1476 1800 1532; x_wconf 89' lang='lat' dir='ltr'>podicis</span> 
     </span>
     <span class='ocr_line' id='line_1_68' title="bbox 1027 1534 1800 1588; baseline 0 -10"><span class='ocrx_word' id='word_1_289' title='bbox 1027 1534 1143 1579; x_wconf 88' lang='lat' dir='ltr'>vitia</span> <span class='ocrx_word' id='word_1_290' title='bbox 1174 1534 1436 1578; x_wconf 86' lang='lat' dir='ltr'>efficiuntur</span> <span class='ocrx_word' id='word_1_291' title='bbox 1468 1539 1536 1579; x_wconf 83' lang='grc'>74.</span> <span class='ocrx_word' id='word_1_292' title='bbox 1587 1536 1644 1588; x_wconf 85' lang='lat' dir='ltr'>cf.</span> <span class='ocrx_word' id='word_1_293' title='bbox 1679 1534 1800 1579; x_wconf 85' lang='lat' dir='ltr'>Cael.</span> 
     </span>
     <span class='ocr_line' id='line_1_69' title="bbox 1028 1593 1801 1649; baseline -0.001 -12"><span class='ocrx_word' id='word_1_294' title='bbox 1028 1594 1119 1637; x_wconf 80' lang='lat' dir='ltr'>chr.</span> <span class='ocrx_word' id='word_1_295' title='bbox 1153 1597 1202 1646; x_wconf 92' lang='lat'>4,</span> <span class='ocrx_word' id='word_1_296' title='bbox 1234 1597 1290 1635; x_wconf 88' lang='lat'>45</span> <span class='ocrx_word' id='word_1_297' title='bbox 1332 1594 1450 1647; x_wconf 82' lang='lat' dir='ltr'>(item</span> <span class='ocrx_word' id='word_1_298' title='bbox 1489 1595 1563 1649; x_wconf 87' lang='grc'>86)</span> <span class='ocrx_word' id='word_1_299' title='bbox 1605 1593 1801 1637; x_wconf 85' lang='grc'>80881001</span> 
     </span>
     <span class='ocr_line' id='line_1_70' title="bbox 1028 1650 1752 1708; baseline 0 -14"><span class='ocrx_word' id='word_1_300' title='bbox 1028 1666 1169 1707; x_wconf 90' lang='lat' dir='ltr'>quam</span> <span class='ocrx_word' id='word_1_301' title='bbox 1202 1650 1367 1695; x_wconf 84' lang='lat' dir='ltr'>Graeci</span> <span class='ocrx_word' id='word_1_302' title='bbox 1398 1650 1541 1708; x_wconf 77' lang='grc' dir='ltr'>ἕδραν</span> <span class='ocrx_word' id='word_1_303' title='bbox 1572 1653 1752 1695; x_wconf 85' lang='lat' dir='ltr'>vocant.</span> 
     </span>
     <span class='ocr_line' id='line_1_71' title="bbox 997 1706 1802 1768; baseline -0.002 -12"><span class='ocrx_word' id='word_1_304' title='bbox 997 1706 1249 1768; x_wconf 81' lang='grc' dir='ltr'><strong><em>ἑδρικόνς</em></strong></span> <span class='ocrx_word' id='word_1_305' title='bbox 1292 1710 1582 1766; x_wconf 85' lang='lat' dir='ltr'>cataplasma</span> <span class='ocrx_word' id='word_1_306' title='bbox 1612 1709 1802 1754; x_wconf 87' lang='lat' dir='ltr'>edricon</span> 
     </span>
     <span class='ocr_line' id='line_1_72' title="bbox 1028 1767 1801 1825; baseline -0.003 -12"><span class='ocrx_word' id='word_1_307' title='bbox 1028 1782 1234 1825; x_wconf 88' lang='lat' dir='ltr'>appones</span> <span class='ocrx_word' id='word_1_308' title='bbox 1250 1769 1372 1823; x_wconf 91' lang='lat' dir='ltr'>quod</span> <span class='ocrx_word' id='word_1_309' title='bbox 1386 1768 1541 1812; x_wconf 87' lang='lat' dir='ltr'>Latini</span> <span class='ocrx_word' id='word_1_310' title='bbox 1554 1767 1801 1813; x_wconf 77' lang='lat' dir='ltr'>Sessorium</span> 
     </span>
     <span class='ocr_line' id='line_1_73' title="bbox 1027 1826 1800 1872; baseline -0.003 0"><span class='ocrx_word' id='word_1_311' title='bbox 1027 1829 1199 1872; x_wconf 85' lang='lat' dir='ltr'>vocant</span> <span class='ocrx_word' id='word_1_312' title='bbox 1238 1831 1307 1872; x_wconf 84' lang='lat'>74.</span> <span class='ocrx_word' id='word_1_313' title='bbox 1360 1827 1487 1871; x_wconf 90' lang='lat' dir='ltr'>aliud</span> <span class='ocrx_word' id='word_1_314' title='bbox 1525 1827 1645 1871; x_wconf 91' lang='lat' dir='ltr'>med.</span> <span class='ocrx_word' id='word_1_315' title='bbox 1679 1826 1800 1870; x_wconf 87' lang='lat' dir='ltr'>edri-</span> 
     </span>
     <span class='ocr_line' id='line_1_74' title="bbox 1031 1887 1208 1931; baseline -0.006 0"><span class='ocrx_word' id='word_1_316' title='bbox 1031 1901 1118 1931; x_wconf 91' lang='lat' dir='ltr'>con</span> <span class='ocrx_word' id='word_1_317' title='bbox 1147 1887 1208 1930; x_wconf 78' lang='lat' dir='ltr'>ib.</span> 
     </span>
    </p>

    <p class='ocr_par' dir='ltr' id='par_1_17' title="bbox 1000 1941 1803 2812">
     <span class='ocr_line' id='line_1_75' title="bbox 1001 1941 1803 2012; baseline -0.005 -22"><span class='ocrx_word' id='word_1_318' title='bbox 1001 1941 1286 2012; x_wconf 80' lang='grc' dir='ltr'><strong><em>ἐκδόριονς</em></strong></span> <span class='ocrx_word' id='word_1_319' title='bbox 1327 1945 1666 1990; x_wconf 89' lang='lat' dir='ltr'>medicamento</span> <span class='ocrx_word' id='word_1_320' title='bbox 1711 1943 1803 1987; x_wconf 90' lang='lat' dir='ltr'>dis-</span> 
     </span>
     <span class='ocr_line' id='line_1_76' title="bbox 1031 2002 1803 2059; baseline -0.003 -11"><span class='ocrx_word' id='word_1_321' title='bbox 1031 2003 1279 2049; x_wconf 85' lang='lat' dir='ltr'>coriatorio</span> <span class='ocrx_word' id='word_1_322' title='bbox 1319 2004 1556 2059; x_wconf 77' lang='lat' dir='ltr'>(descor-</span> <span class='ocrx_word' id='word_1_323' title='bbox 1599 2016 1677 2059; x_wconf 86' lang='grc'>90,</span> <span class='ocrx_word' id='word_1_324' title='bbox 1725 2002 1803 2046; x_wconf 87' lang='grc'>(10-</span> 
     </span>
     <span class='ocr_line' id='line_1_77' title="bbox 1032 2061 1802 2119; baseline -0.005 -12"><span class='ocrx_word' id='word_1_325' title='bbox 1032 2077 1168 2107; x_wconf 90' lang='lat' dir='ltr'>cor—</span> <span class='ocrx_word' id='word_1_326' title='bbox 1193 2077 1252 2119; x_wconf 93' lang='grc' dir='ltr'>Ρ,</span> <span class='ocrx_word' id='word_1_327' title='bbox 1284 2076 1478 2107; x_wconf 83' lang='lat' dir='ltr'>excor—</span> <span class='ocrx_word' id='word_1_328' title='bbox 1511 2061 1622 2106; x_wconf 83' lang='lat' dir='ltr'>Sim.</span> <span class='ocrx_word' id='word_1_329' title='bbox 1658 2074 1692 2105; x_wconf 86' lang='lat' dir='ltr'>s.</span> <span class='ocrx_word' id='word_1_330' title='bbox 1725 2075 1802 2104; x_wconf 83' lang='lat' dir='ltr'>ex·</span> 
     </span>
     <span class='ocr_line' id='line_1_78' title="bbox 1031 2119 1802 2178; baseline -0.004 -13"><span class='ocrx_word' id='word_1_331' title='bbox 1031 2121 1210 2168; x_wconf 74' lang='grc'>(101100)</span> <span class='ocrx_word' id='word_1_332' title='bbox 1243 2121 1367 2178; x_wconf 90' lang='lat' dir='ltr'>quod</span> <span class='ocrx_word' id='word_1_333' title='bbox 1391 2119 1555 2164; x_wconf 85' lang='lat' dir='ltr'>Graeci</span> <span class='ocrx_word' id='word_1_334' title='bbox 1584 2119 1802 2164; x_wconf 82' lang='lat' dir='ltr'>ecdorion</span> 
     </span>
     <span class='ocr_line' id='line_1_79' title="bbox 1030 2180 1645 2236; baseline -0.005 -12"><span class='ocrx_word' id='word_1_335' title='bbox 1030 2180 1271 2235; x_wconf 82' lang='lat' dir='ltr'>(exdorion</span> <span class='ocrx_word' id='word_1_336' title='bbox 1302 2181 1340 2236; x_wconf 92' lang='lat' dir='ltr'>c)</span> <span class='ocrx_word' id='word_1_337' title='bbox 1372 2181 1543 2224; x_wconf 83' lang='lat' dir='ltr'>vocant</span> <span class='ocrx_word' id='word_1_338' title='bbox 1576 2183 1645 2221; x_wconf 89' lang='lat'>13.</span> 
     </span>
     <span class='ocr_line' id='line_1_80' title="bbox 1003 2236 1801 2292; baseline -0.005 -9"><span class='ocrx_word' id='word_1_339' title='bbox 1003 2238 1205 2292; x_wconf 82' lang='grc' dir='ltr'><strong><em>εἰλεόςς</em></strong></span> <span class='ocrx_word' id='word_1_340' title='bbox 1233 2260 1289 2276; x_wconf 82' lang='grc'>---</span> <span class='ocrx_word' id='word_1_341' title='bbox 1312 2238 1540 2283; x_wconf 83' lang='lat' dir='ltr'>verticula</span> <span class='ocrx_word' id='word_1_342' title='bbox 1555 2236 1801 2280; x_wconf 86' lang='lat' dir='ltr'>intestino-</span> 
     </span>
     <span class='ocr_line' id='line_1_81' title="bbox 1030 2296 1769 2354; baseline -0.006 -12"><span class='ocrx_word' id='word_1_343' title='bbox 1030 2313 1135 2342; x_wconf 92' lang='lat' dir='ltr'>rum</span> <span class='ocrx_word' id='word_1_344' title='bbox 1166 2302 1220 2342; x_wconf 88' lang='lat'>51</span> <span class='ocrx_word' id='word_1_345' title='bbox 1255 2296 1392 2354; x_wconf 76' lang='lat' dir='ltr'>(Cael.</span> <span class='ocrx_word' id='word_1_346' title='bbox 1418 2311 1467 2353; x_wconf 91' lang='grc' dir='ltr'>Ρ.</span> <span class='ocrx_word' id='word_1_347' title='bbox 1500 2299 1609 2341; x_wconf 83' lang='lat'>235.</span> <span class='ocrx_word' id='word_1_348' title='bbox 1641 2296 1769 2350; x_wconf 76' lang='lat'>236).</span> 
     </span>
     <span class='ocr_line' id='line_1_82' title="bbox 1000 2351 1801 2415; baseline -0.007 -14"><span class='ocrx_word' id='word_1_349' title='bbox 1000 2351 1266 2415; x_wconf 73' lang='grc' dir='ltr'><strong><em>ἐκτροπῆς</em></strong></span> <span class='ocrx_word' id='word_1_350' title='bbox 1307 2355 1488 2412; x_wconf 81' lang='lat' dir='ltr'>podicis</span> <span class='ocrx_word' id='word_1_351' title='bbox 1518 2353 1801 2403; x_wconf 87' lang='lat' dir='ltr'>inversiones</span> 
     </span>
     <span class='ocr_line' id='line_1_83' title="bbox 1031 2412 1800 2472; baseline -0.008 -13"><span class='ocrx_word' id='word_1_352' title='bbox 1031 2430 1145 2472; x_wconf 87' lang='lat' dir='ltr'>quas</span> <span class='ocrx_word' id='word_1_353' title='bbox 1169 2414 1334 2459; x_wconf 86' lang='lat' dir='ltr'>Graeci</span> <span class='ocrx_word' id='word_1_354' title='bbox 1357 2415 1568 2469; x_wconf 77' lang='lat' dir='ltr'>ectr-opas</span> <span class='ocrx_word' id='word_1_355' title='bbox 1601 2412 1800 2467; x_wconf 79' lang='lat' dir='ltr'>&lt;beetm-</span> 
     </span>
     <span class='ocr_line' id='line_1_84' title="bbox 1015 2470 1799 2543; baseline -0.011 -23.852"><span class='ocrx_word' id='word_1_356' title='bbox 1015 2489 1113 2543; x_wconf 88' lang='lat' dir='ltr'>pas</span> <span class='ocrx_word' id='word_1_357' title='bbox 1146 2487 1183 2530; x_wconf 90' lang='grc'>0,</span> <span class='ocrx_word' id='word_1_358' title='bbox 1215 2486 1437 2542; x_wconf 89' lang='lat' dir='ltr'>encropas</span> <span class='ocrx_word' id='word_1_359' title='bbox 1457 2473 1508 2528; x_wconf 89' lang='grc' dir='ltr'>Ρ)</span> <span class='ocrx_word' id='word_1_360' title='bbox 1533 2470 1702 2514; x_wconf 85' lang='lat' dir='ltr'>vocant</span> <span class='ocrx_word' id='word_1_361' title='bbox 1724 2472 1799 2513; x_wconf 78' lang='lat'>75.</span> 
     </span>
     <span class='ocr_line' id='line_1_85' title="bbox 1001 2509 1800 2585; baseline -0.01 -8"><span class='ocrx_word' id='word_1_362' title='bbox 1001 2509 1393 2585; x_wconf 78' lang='grc' dir='ltr'><strong><em>ἐκτυλωτικόςς</em></strong></span> <span class='ocrx_word' id='word_1_363' title='bbox 1462 2527 1800 2572; x_wconf 90' lang='lat' dir='ltr'>medicamento</span> 
     </span>
     <span class='ocr_line' id='line_1_86' title="bbox 1031 2584 1802 2646; baseline -0.011 -10"><span class='ocrx_word' id='word_1_364' title='bbox 1031 2591 1267 2636; x_wconf 89' lang='lat' dir='ltr'>ectilotico</span> <span class='ocrx_word' id='word_1_365' title='bbox 1299 2591 1366 2646; x_wconf 88' lang='lat' dir='ltr'>(et</span> <span class='ocrx_word' id='word_1_366' title='bbox 1388 2587 1572 2633; x_wconf 88' lang='lat' dir='ltr'>cilotico</span> <span class='ocrx_word' id='word_1_367' title='bbox 1595 2600 1638 2642; x_wconf 95' lang='grc'>9,</span> <span class='ocrx_word' id='word_1_368' title='bbox 1671 2584 1802 2629; x_wconf 83' lang='lat' dir='ltr'>ectil-</span> 
     </span>
     <span class='ocr_line' id='line_1_87' title="bbox 1031 2642 1800 2705; baseline -0.013 -10"><span class='ocrx_word' id='word_1_369' title='bbox 1031 2650 1175 2695; x_wconf 88' lang='lat' dir='ltr'>lotico</span> <span class='ocrx_word' id='word_1_370' title='bbox 1215 2650 1254 2705; x_wconf 89' lang='grc'>0)</span> <span class='ocrx_word' id='word_1_371' title='bbox 1292 2649 1342 2692; x_wconf 86' lang='grc'>1(1</span> <span class='ocrx_word' id='word_1_372' title='bbox 1384 2648 1454 2691; x_wconf 88' lang='lat' dir='ltr'>est</span> <span class='ocrx_word' id='word_1_373' title='bbox 1499 2642 1800 2689; x_wconf 84' lang='lat' dir='ltr'>excallatorio</span> 
     </span>
     <span class='ocr_line' id='line_1_88' title="bbox 1030 2700 1800 2763; baseline -0.01 -11"><span class='ocrx_word' id='word_1_374' title='bbox 1030 2708 1152 2752; x_wconf 85' lang='lat' dir='ltr'>infra</span> <span class='ocrx_word' id='word_1_375' title='bbox 1191 2707 1362 2763; x_wconf 91' lang='lat' dir='ltr'>scripto</span> <span class='ocrx_word' id='word_1_376' title='bbox 1392 2710 1449 2749; x_wconf 82' lang='lat'>20</span> <span class='ocrx_word' id='word_1_377' title='bbox 1482 2729 1537 2736; x_wconf 88' lang='lat'>-—</span> <span class='ocrx_word' id='word_1_378' title='bbox 1570 2700 1800 2748; x_wconf 86' lang='lat' dir='ltr'>confectio</span> 
     </span>
     <span class='ocr_line' id='line_1_89' title="bbox 1033 2758 1802 2820; baseline -0.012 -8"><span class='ocrx_word' id='word_1_379' title='bbox 1033 2766 1203 2812; x_wconf 89' lang='lat' dir='ltr'>collirii</span> <span class='ocrx_word' id='word_1_380' title='bbox 1270 2762 1503 2820; x_wconf 82' lang='lat' dir='ltr'>siringiaci</span> <span class='ocrx_word' id='word_1_381' title='bbox 1578 2758 1802 2806; x_wconf 87' lang='lat' dir='ltr'>ectilotici</span> 
     </span>
    </p>
   </div>
   <div class='ocr_carea' id='block_1_4' title="bbox 1033 2823 1454 2882">
    <p class='ocr_par' dir='ltr' id='par_1_18' title="bbox 1033 2823 1454 2882">
     <span class='ocr_line' id='line_1_90' title="bbox 1033 2823 1454 2882; baseline -0.005 -13"><span class='ocrx_word' id='word_1_382' title='bbox 1033 2823 1290 2882; x_wconf 87' lang='lat' dir='ltr'>(ectilogici</span> <span class='ocrx_word' id='word_1_383' title='bbox 1318 2824 1364 2880; x_wconf 91' lang='grc'>9)</span> <span class='ocrx_word' id='word_1_384' title='bbox 1395 2823 1454 2867; x_wconf 79' lang='lat' dir='ltr'>ib.</span> 
     </span>
    </p>
   </div>
   <div class='ocr_carea' id='block_1_5' title="bbox 1198 1123 1799 1170">
    <p class='ocr_par' dir='ltr' id='par_1_19' title="bbox 1198 1123 1799 1170">
     <span class='ocr_line' id='line_1_91' title="bbox 1198 1123 1799 1170; baseline 0.002 -3.05"><span class='ocrx_word' id='word_1_385' title='bbox 1198 1123 1414 1169; x_wconf 81' lang='lat' dir='ltr'>‚iniectio</span> <span class='ocrx_word' id='word_1_386' title='bbox 1445 1124 1495 1168; x_wconf 88' lang='lat' dir='ltr'>in</span> <span class='ocrx_word' id='word_1_387' title='bbox 1526 1124 1799 1170; x_wconf 82' lang='lat' dir='ltr'>matricem“</span> 
     </span>
    </p>
   </div>
  </div>
 </body>
</html>
