2004 3186
843 125 1199 178 -22-

148 247 351 299 ‘Graeci
397 247 582 313 lepidas
630 254 818 297 vocant.
888 245 1018 295 unde
1067 261 1245 294 nomen
1293 260 1318 293 a
1358 244 1561 294 Graecis
1610 244 1746 310 lepra
1784 260 1862 294 ac-

176 325 321 388 cepit.
391 328 589 372 creatur
629 337 688 369 ex
727 319 1080 370 melancholico
1119 319 1349 385 humore,
1388 325 1439 368 et
1477 325 1552 368 est
1591 320 1861 368 curationis

176 396 403 446 difficilis.

326 469 416 519 alia
463 484 579 519 vero
625 470 845 518 nascitur
891 467 1097 532 simplex
1143 468 1346 516 veniens
1393 482 1452 516 ex
1498 466 1706 516 humore
1762 468 1864 516 acri

130 554 153 587 5
174 543 251 594 vel
283 543 424 593 salso.
487 550 537 592 et
576 548 779 592 curatur
810 541 1168 590 medicamento
1202 540 1424 590 scabioso
1462 539 1591 604 quod
1631 542 1865 605 psoricon

176 617 379 682 dicitur,
420 622 470 665 et
509 617 769 666 conficitur
809 617 894 665 sic.
958 614 1210 680 sulphuris
1249 616 1344 663 vivi
1383 624 1439 664 ’ἐν
1479 613 1500 662 Ι
1540 621 1590 664 et
1630 614 1688 682 S,
1738 615 1862 680 picis

176 693 336 742 siccae
375 701 432 740 4
479 690 545 756 Π,
596 705 737 739 cerae
777 702 834 740 ἣν
874 688 962 755 ΙΙΙ,
1010 688 1214 754 squillae
1274 687 1422 737 medii
1469 700 1525 739 ÷
1572 687 1616 737 11
1664 695 1713 738 et
1769 688 1865 737 olei
1941 739 1946 744 ,

174 764 350 814 libram
389 764 431 814 I:
470 765 749 813 minutatim
788 763 977 812 incides
1023 761 1249 827 squillam
1290 767 1339 811 et
1385 762 1535 827 friges
1574 763 1626 811 in
1666 762 1774 812 oleo
1814 771 1865 812 et

174 837 385 904 liquabis
425 837 588 888 oleum
628 843 677 887 et
724 838 1065 902 supermitteS,
1114 842 1164 885 et
1201 835 1420 886 resolves
1469 851 1594 900 quae
1634 836 1864 886 solvenda

108 923 151 954 10
175 918 314 979 sunt,
362 918 412 961 et
455 919 717 976 postquam
755 912 942 960 fuerint
978 909 1194 959 resoluta
1233 908 1293 958 ab
1339 910 1452 974 igne
1496 909 1638 959 tolles
1677 916 1727 959 et
1766 910 1862 960 sul-

173 985 303 1050 phur
364 985 423 1034 ad
487 985 707 1034 ultimam
771 985 1062 1034 tenuitatem
1116 984 1290 1033 tritum
1345 997 1750 1051 superaspergeS‚
1815 991 1865 1034 et

173 1058 393 1108 movebis
433 1059 590 1107 donec
631 1058 932 1123 coaguletur.

320 1131 451 1182 aliud
513 1134 745 1197 psoricon
807 1131 1127 1197 emplastrum
1181 1131 1367 1180 faciens
1420 1131 1479 1180 ad
1535 1130 1750 1181 scabiem
1814 1137 1866 1181 et

171 1204 372 1270 lepram.
436 1205 597 1259 salicis
637 1207 836 1255 corticis
877 1204 1122 1254 combusti
1158 1211 1208 1254 et
1247 1204 1343 1254 olei
1381 1207 1571 1254 rosacei
1610 1217 1667 1255 ÷
1705 1204 1866 1270 binaS‚

107 1291 150 1324 15
173 1294 315 1328 cerae
364 1286 413 1328 et
460 1281 710 1344 aeruginis
758 1295 897 1328 rasae
937 1290 993 1330 ὴ
1038 1278 1276 1343 singulas:
1331 1278 1490 1328 solves
1538 1293 1703 1328 ceram
1749 1293 1864 1328 cum

171 1352 280 1401 oleo
319 1368 537 1419 rosace0‚
580 1355 879 1402 cerotarium
918 1354 1064 1402 siccis
1098 1354 1350 1417 praetritis
1382 1351 1677 1401 admiscebis
1710 1359 1760 1402 et
1789 1354 1862 1402 in-

171 1425 324 1475 duces
363 1428 414 1475 in
453 1426 709 1476 linteolum
749 1434 797 1476 et
837 1442 1076 1492 apponeS,
1124 1432 1172 1474 et
1221 1433 1334 1491 post
1372 1427 1577 1476 tertium
1616 1426 1745 1475 diem
1785 1441 1861 1475 re-

171 1499 331 1549 solves
371 1507 419 1550 et
458 1500 871 1550 medicamentum
918 1501 1113 1549 auferes
1161 1506 1211 1548 et
1257 1515 1475 1565 appones
1514 1499 1762 1564 polentam
1802 1515 1862 1548 ex

171 1580 310 1623 aceto
358 1580 548 1623 coctam
595 1581 645 1623 et
690 1574 951 1639 diligenter
996 1575 1186 1640 tritam,
1234 1579 1284 1622 et
1328 1575 1434 1638 ipsa
1479 1575 1635 1623 uteris
1687 1571 1862 1622 diebus

105 1661 149 1694 20
171 1646 352 1714 tribus,
415 1654 465 1697 et
519 1649 701 1696 iterum
746 1654 859 1713 post
908 1647 1167 1712 polentam,
1211 1647 1551 1712 supradictum
1602 1646 1863 1696 inductum

171 1735 401 1786 appones
465 1728 514 1770 et
551 1721 673 1771 haec
712 1722 862 1771 facies
901 1736 1060 1785 usque
1101 1720 1159 1769 ad
1199 1722 1470 1785 perfectam
1513 1722 1785 1770 sanitatem.

288 1897 315 1935 2
356 1893 405 1936 et
443 1894 515 1936 est
546 1892 798 1937 curationis
838 1891 1058 1939 difficilis*
1076 1906 1118 1936 c:
1162 1893 1211 1936 et
1243 1906 1347 1936 cum
1379 1893 1437 1949 (ὅ)
1469 1891 1709 1936 curatione
1742 1891 1860 1935 diffi-

171 1950 249 1995 cili
273 1964 323 2006 Ρ.
445 1955 474 1994 4
505 1964 613 1995 acro
644 1965 680 1996 c.
817 1956 843 1996 5
875 1951 1089 2007 sporicon
1112 1963 1189 2007 pc.
1340 1955 1419 1996 cet.
1453 1951 1511 2006 cf.
1546 1951 1656 1996 Gela
1690 1950 1754 2006 V,
1786 1954 1861 2006 28,

173 2015 240 2054 16.
365 2015 391 2054 6
424 2013 481 2051 ’ἐν
507 2029 517 2054 :
545 2010 585 2067 ²,—
610 2024 645 2067 c,
670 2011 715 2065 -ζ-
731 2025 781 2067 p.
902 2010 1019 2066 picis
1044 2035 1098 2042 —
1125 2012 1187 2065 (7)
1214 2011 1261 2054 et
1283 2023 1366 2055 om.
1384 2024 1435 2066 p.
1558 2014 1584 2054 9
1615 2009 1769 2067 liquas
1785 2023 1861 2066 pc.

171 2069 326 2112 oleum
357 2082 403 2112 c:
451 2082 533 2114 om.
560 2084 610 2126 p.
761 2069 963 2114 resolves
1003 2082 1047 2114 c:
1089 2068 1230 2113 solvis
1261 2082 1312 2125 p.
1476 2073 1530 2112 10
1568 2069 1773 2113 resoluta
1802 2082 1860 2124 p:

171 2127 323 2172 soluta
356 2141 391 2171 c.
517 2134 569 2172 11
603 2128 812 2185 aspergis
835 2142 886 2185 p.
1021 2132 1075 2170 12
1106 2140 1263 2171 moves
1287 2141 1360 2183 pc.
1514 2128 1786 2184 coaguletur
1816 2141 1861 2171 c:

170 2187 474 2243 coagolentur
497 2201 549 2243 p.
732 2192 785 2231 13
826 2187 1039 2244 sporicon
1062 2199 1126 2242 pc
1164 2187 1256 2241 (sed
1278 2191 1338 2242 φῦ
1375 2185 1623 2242 psoricon).
1767 2200 1861 2230 em-

168 2245 430 2301 plaustrum
453 2260 504 2303 p.
567 2247 624 2301 cf.
650 2247 778 2303 empl.
808 2247 870 2290 ad
901 2247 1072 2302 lepram
1103 2245 1230 2300 apud
1249 2244 1325 2288 Ps.
1355 2245 1482 2289 Ptin.
1507 2245 1541 2298 f.
1568 2243 1666 2290 79¹².
1806 2250 1861 2288 14

171 2303 420 2348 combusti:
455 2307 561 2350 —te
593 2319 660 2362 cp.
814 2306 861 2349 et
888 2306 1000 2360 (bis)
1029 2317 1112 2348 om.
1137 2317 1188 2359 p.
1332 2317 1397 2347 ro.
1423 2317 1474 2359 p,
1506 2303 1627 2348 rosei
1658 2317 1693 2347 c.
1821 2305 1861 2359 2,-

169 2362 303 2407 binas
335 2377 376 2407 c:
425 2368 499 2407 afi.
533 2367 578 2420 ἢ
607 2365 652 2408 II
675 2378 726 2421 p.
881 2369 935 2408 15
969 2368 1042 2408 asi.
1075 2366 1119 2417 -;-
1149 2362 1170 2404 Ι
1193 2376 1244 2419 p.
1398 2367 1453 2406 16
1483 2375 1548 2407 ro.
1575 2376 1625 2419 p,
1657 2376 1791 2407 roseo
1823 2378 1859 2408 c.

171 2421 304 2466 siccis
350 2430 400 2465 οε·
439 2422 555 2467 facis
596 2437 648 2479 p.
799 2421 1032 2480 preteritis
1073 2421 1254 2478 (pt'1t1s)
1286 2434 1362 2478 pc.
1514 2421 1741 2465 admisces
1782 2436 1857 2478 pc.

169 2480 350 2524 inducis
374 2495 451 2537 pc.
604 2487 657 2526 17
690 2481 968 2526 lintheolum
999 2495 1042 2526 c:
1085 2480 1284 2535 lecteolo
1308 2494 1359 2537 p.
1511 2480 1560 2523 et
1587 2480 1790 2525 resolves
1822 2495 1857 2526 c.

173 2544 227 2584 18
268 2540 447 2584 auferes
480 2555 523 2585 c:
568 2540 732 2585 afferes
755 2555 806 2598 p.
959 2542 1007 2584 et
1044 2553 1251 2597 appones
1292 2553 1335 2584 c:
1384 2538 1508 2594 quod
1539 2538 1605 2594 (q)
1637 2553 1782 2595 pones
1807 2554 1857 2596 p.

169 2598 409 2655 polentam
443 2599 660 2653 (farinam
698 2600 1005 2644 hordeaceam
1045 2613 1101 2643 ex
1131 2600 1264 2643 aceto
1295 2596 1442 2643 Sco-ib.
1475 2597 1615 2654 Lary.
1650 2612 1685 2642 c.
1719 2601 1857 2654 252):

169 2657 415 2713 pulentum
447 2673 488 2714 c,
532 2659 859 2718 foppolentum
883 2672 934 2715 p.
1076 2671 1130 2702 ex
1154 2671 1198 2702 c:
1230 2657 1279 2701 in
1295 2670 1345 2714 p.
1440 2661 1446 2667 ‘
1499 2660 1554 2699 19
1587 2659 1768 2701 coctum
1788 2692 1796 2701 .
1817 2690 1857 2702 ..

170 2715 332 2760 tritum
358 2752 367 2761 .
394 2749 403 2759 .
433 2752 442 2761 .
466 2714 566 2774 ips'o
591 2731 665 2774 pe.
840 2723 896 2762 20
929 2718 977 2762 et
1007 2717 1176 2762 iterum
1207 2716 1451 2773 polentum
1473 2728 1525 2772 p,
1560 2717 1717 2759 catersi
1749 2718 1858 2771 post

169 2775 413 2831 pulentum
444 2789 479 2822 c.
615 2777 860 2822 inductum
890 2790 973 2821 om.
999 2790 1049 2832 p.
1172 2781 1225 2819 21
1259 2774 1403 2819 facies
1434 2787 1482 2819 c:
1515 2773 1629 2818 facis
1663 2774 1767 2830 (fois
1800 2795 1856 2812 ==

169 2833 307 2877 factis
340 2838 445 2879 ante
474 2837 607 2892 corr.)
633 2850 684 2892 p.
