2004 3186
837 115 1233 170 —212—

215 234 387 278 vocant
402 237 458 276 21
479 231 555 290 (cf.
574 231 685 276 Sim.
708 243 742 275 s.
768 230 981 287 morion).

217 306 307 348 quo
331 291 511 348 possint
531 289 755 335 interiora
779 288 984 346 corporis

215 351 426 396 membra
468 363 586 406 quae
626 348 790 394 Graeci
835 348 986 393 moria

215 411 388 455 vocant
412 443 421 452 .
450 443 459 453 .
487 445 498 455 .
521 407 721 453 relevari
760 412 831 451 34.
892 421 984 464 quo

214 468 395 526 possint
438 467 663 512 interiora
707 467 918 511 membra
958 480 987 511 a

216 526 405 572 Graecis
447 525 597 571 moria
639 525 879 582 appellata
915 538 986 570 re-

214 585 465 630 laxationis
490 585 723 630 medelam
745 584 985 641 percipere

184 703 519 763 μυρμηκὶαιτ
561 703 817 759 (verrucae)
862 715 983 758 quae

216 777 324 807 cum
353 762 503 819 digito
534 760 708 805 fuerint
730 761 985 817 impressae

216 822 423 866 dolorem
440 820 619 865 faciunt
642 819 843 864 similem
865 833 984 864 mor-

217 880 343 924 sibus
354 879 668 934 formicarum,
684 879 806 923 unde
816 893 986 936 graeco

216 938 404 983 nomine
441 937 777 995 my(i)rmecias
816 951 987 983 nomen

216 998 497 1054 acceperunt
529 1002 597 1041 12.

187 1068 361 1128 νάρκη
408 1070 491 1126 τῆς
537 1066 825 1126 αἰσθήσεωςε
881 1084 986 1114 cum

215 1129 516 1187 perfrictione
541 1131 589 1174 et
612 1130 801 1186 torpore
825 1142 986 1173 sensus

216 1189 341 1244 quod
357 1187 523 1233 Graeci
536 1188 761 1233 narcodes
784 1190 987 1233 esteseos

216 1249 312 1304 (cp,
352 1247 409 1302 cf.
442 1251 609 1292 ‘notset
639 1247 750 1292 Sim.
794 1260 829 1292 s.
881 1261 985 1291 nar-

216 1306 406 1363 chodes)
437 1308 608 1351 vocant
631 1311 687 1350 29
715 1307 813 1363 (leq.
848 1320 988 1363 quem

216 1365 293 1410 Gr.
325 1378 496 1409 narcen
526 1366 596 1409 tes
626 1378 664 1409 e.
701 1367 778 1421 v.).

186 1434 530 1497 νεφριτικόςε
605 1437 832 1482 nefretica
904 1438 987 1493 (sic

214 1499 350 1543 etiam
378 1511 408 1554 9
440 1502 495 1541 21
521 1497 579 1551 cf.
609 1496 722 1543 Sim.
746 1496 985 1541 nefriticos

216 1570 355 1614 grece
410 1555 681 1612 nefreticus)
729 1555 882 1613 passio
936 1555 986 1599 id

216 1617 289 1660 est
337 1615 509 1660 renalis
555 1618 612 1658 45
653 1616 727 1669 (cf.
776 1619 847 1658 21.
898 1617 985 1672 75).

215 1675 351 1718 etiam
382 1688 457 1730 ap.
485 1672 605 1718 Cael.
630 1674 720 1717 chr.
752 1677 793 1728 5,
827 1677 882 1716 52
916 1686 987 1717 re-

215 1733 335 1777 nalis
366 1733 520 1790 passio
561 1734 788 1789 (νεφρῖτις
820 1752 876 1768 =
907 1746 985 1776 ne-

214 1791 349 1836 fresis
380 1791 491 1836 Sim.
524 1805 559 1837 s.
591 1805 656 1846 v.,
696 1791 823 1836 codd.
865 1791 984 1837 Isid.

215 1864 280 1895 or.
312 1855 355 1906 4,
390 1856 429 1905 7,
463 1855 520 1894 24
552 1853 663 1907 etc).

185 1923 388 1978 νόθοςτ
414 1938 508 1969 non
531 1923 805 1968 manifestus
823 1923 984 1980 (tipus)

213 1983 443 2028 tertianus
498 1997 527 2027 a
581 1982 769 2027 Graecis
815 1983 985 2027 nothus

215 2042 494 2100 appellatur.
528 2047 599 2088 58.

186 2112 423 2169 νωτικός
514 2116 667 2174 (vulqo
749 2117 985 2172 νωτιαῖος)

217 2170 406 2231 μυελόςε
454 2175 502 2218 et
539 2174 735 2218 dorsalis
778 2174 987 2219 medulla

215 2232 502 2288 perfrixerit,
535 2245 676 2288 quam
707 2232 875 2277 Graeci
905 2247 986 2276 no-

214 2291 343 2336 ticon
375 2292 614 2348 (nauticon
636 2293 682 2348 9)
708 2291 883 2336 mielon
906 2305 984 2336 vo-

216 2353 326 2395 cant
356 2355 427 2396 38.

186 2406 377 2466 ξανθὴ
400 2406 534 2466 χολήε
567 2409 690 2454 fellis
718 2409 829 2454 flavi
859 2409 984 2466 quod

217 2467 383 2512 Graeci
421 2469 657 2525 (e)xanten
695 2469 862 2514 cholen
902 2482 983 2513 vo·

216 2529 326 2571 cant
370 2532 441 2571 24.
501 2527 612 2572 flavi
655 2527 780 2572 fellis
823 2527 873 2571 id
918 2528 988 2572 est

215 2586 367 2641 rubei,
402 2587 526 2643 quod
558 2585 725 2631 Graeci
748 2587 987 2643 (e)xanten

217 2645 350 2689 colen
380 2646 551 2690 vocant
588 2650 657 2691 57.

276 2704 333 2757 cf.
389 2705 628 2760 (e)xanton
677 2704 985 2749 medicamen-

215 2763 317 2804 tum
370 2767 427 2806 20
483 2764 541 2820 (et
594 2762 749 2819 „Cass
803 2763 880 2808 Fe.
935 2763 986 2807 in

217 2820 500 2866 antidotario
533 2822 822 2868 confectione
857 2823 984 2867 dicta

1104 231 1469 275 exantoxemon“
1531 243 1605 288 ap.
1669 230 1780 278 Sim.
1838 244 1875 279 8.

1104 289 1486 345 catastalticum).

1075 344 1311 463 ξέἔέιᾷξῗ
1342 373 1398 381 -
1430 348 1522 394 vid.
1547 361 1583 393 s.
1609 344 1695 408 βήξ
1728 351 1876 406 (xero-

1075 463 1436 524 ξηρολουσὶαε
1508 465 1630 510 sicca
1695 465 1872 524 lavatio

1106 538 1226 581 quae
1257 538 1286 568 a
1317 524 1505 569 Graecis
1534 524 1769 569 xerolusia
1793 539 1875 583 ap-

1104 583 1308 640 pellatur
1341 588 1411 627 76.

1076 640 1507 709 ξηροφθαλμίαε
1552 641 1613 686 ad
1643 642 1878 699 xeroptal—

1104 714 1250 744 miam
1286 700 1336 744 id
1375 701 1448 745 est
1477 701 1648 749 siccam
1679 700 1873 758 lippitu-

1106 759 1261 804 dinem
1300 764 1356 804 29
1397 761 1514 817 (bis).
1578 760 1635 815 cf.
1683 758 1793 804 Cels.
1832 763 1878 814 6²,

1107 822 1138 863 6
1187 819 1345 874 (arida
1390 819 1537 875 ἄρῃ).
1600 819 1658 873 ef.
1716 817 1879 876 (o)xira

1105 877 1499 922 medicamentum
1535 881 1608 924 45.

1077 928 1302 993 ὀβολόςε
1337 937 1420 980 aut
1452 935 1735 993 opopanacis
1766 936 1877 981 obo-

1106 996 1178 1040 los
1232 995 1347 1040 duos
1400 995 1451 1039 id
1504 996 1576 1040 est
1622 995 1880 1052 scripulum

1106 1069 1251 1098 unum
1274 1055 1336 1111 (9)
1361 1058 1433 1098 38.
1480 1054 1537 1108 cf.
1569 1053 1680 1100 Sim.
1707 1068 1742 1098 s.
1769 1054 1878 1099 obo-

1106 1113 1180 1157 lus
1200 1148 1209 1158 .
1230 1149 1239 1158 .
1260 1113 1337 1156 .in
1366 1113 1550 1170 pratica
1572 1111 1720 1157 Cassii
1751 1112 1875 1157 oboli

1107 1172 1200 1216 duo
1223 1171 1401 1216 faciunt
1422 1172 1691 1229 scrupulum
1707 1172 1729 1215 I
1745 1172 1880 1228 (idem

1107 1232 1177 1276 ait
1209 1230 1362 1275 Celsus
1393 1235 1440 1286 5,,
1471 1235 1538 1287 17,
1571 1233 1632 1287 2).

1077 1283 1238 1347 ὄγκος
1269 1285 1512 1347 ὅχθώδηςε
1549 1288 1788 1334 extantiae
1819 1288 1879 1332 ri-

1107 1362 1271 1406 posae,
1338 1363 1453 1404 quas
1515 1348 1680 1393 Graeci
1740 1361 1879 1392 oncos

1108 1408 1299 1452 octodes
1364 1409 1521 1464 (encos
1582 1408 1743 1452 etodes
1797 1408 1878 1463 pc)

1106 1467 1279 1511 vocant
1311 1466 1361 1510 id
1393 1467 1465 1510 est
1494 1466 1662 1523 riposis
1693 1465 1879 1511 vertici-

1106 1525 1192 1570 bus
1222 1524 1538 1582 prominentes
1571 1530 1596 1569 7
1603 1530 1639 1568 3.

1077 1577 1531 1642 ὀδοντότριμμαε
1563 1582 1879 1628 dentifricium

1108 1642 1233 1699 quod
1288 1642 1453 1687 Graeci
1515 1642 1878 1687 odontotrimma

1106 1703 1278 1747 vocant
1309 1707 1378 1747 32.

1077 1754 1300 1816 ὄζαιναε
1357 1773 1553 1805 ozaenas
1607 1761 1790 1815 (ozerne
1840 1773 1876 1815 c,

1106 1833 1265 1864 zernas
1297 1833 1334 1875 p
1374 1820 1431 1874 cf.
1472 1818 1583 1864 Sim.
1623 1832 1658 1864 s.
1699 1819 1877 1875 ozimie,

1107 1879 1239 1923 Aleae.
1279 1879 1345 1923 ed.
1380 1878 1500 1935 Pap.
1540 1883 1579 1932 1,
1614 1882 1698 1922 131
1733 1877 1878 1923 ozime

1106 1938 1183 1982 vel
1226 1938 1382 1992 ozene)
1423 1951 1538 1994 quas
1576 1951 1660 1981 nos
1707 1937 1878 1981 fetores

1106 1997 1290 2041 narium
1344 1995 1540 2041 dicimus
1588 2001 1643 2040 31
1692 1996 1769 2052 (cf.
1815 1997 1875 2040 ib.

1107 2056 1232 2113 quod
1286 2070 1314 2100 a
1367 2055 1555 2100 Graecis
1608 2055 1876 2112 appellatur

1107 2114 1357 2159 ozaenicon
1376 2127 1436 2159 sc.
1452 2114 1875 2168 medicamentum).

1076 2171 1314 2230 οἴδημαε
1337 2173 1493 2218 idema
1517 2174 1587 2230 (10,
1610 2172 1799 2216 hidema
1819 2173 1877 2228 c),

1107 2233 1232 2287 quod
1249 2246 1332 2276 nos
1346 2245 1573 2288 aquosam
1584 2231 1873 2276 inflationem

1105 2291 1302 2335 dicimus
1322 2295 1376 2335 75
1403 2290 1706 2347 (inflationem
1723 2290 1872 2346 simpl.

1107 2349 1226 2394 Cael.
1259 2351 1349 2395 chr.
1383 2354 1426 2406 4,
1459 2351 1546 2404 83).
1602 2349 1660 2403 cf.
1695 2348 1806 2394 Sim.
1839 2362 1875 2394 8.

1103 2409 1259 2453 idema
1275 2445 1285 2453 .
1306 2443 1315 2451 .
1336 2443 1346 2453 .
1363 2422 1447 2465 per
1468 2408 1514 2452 oi
1531 2408 1876 2465 diphthongum

1104 2467 1320 2512 scribitur
1381 2472 1422 2513 et
1482 2480 1516 2512 s.
1578 2467 1749 2524 ydema
1801 2468 1873 2522 (ex

1106 2527 1369 2584 Demosth.).

1076 2582 1358 2640 οἰνόμελιε
1416 2586 1617 2630 mulsam
1665 2599 1720 2630 ex
1765 2583 1872 2628 vino

1105 2645 1245 2689 melle
1294 2647 1554 2702 temperato
1598 2645 1774 2700 (—tam
1819 2656 1873 2698 cp

1105 2703 1236 2759 Sim.)
1268 2717 1410 2760 quam
1440 2703 1683 2761 appellant
1707 2702 1872 2746 Graeci

1103 2762 1169 2819 i(y
1184 2763 1490 2819 p)nomelitos
1516 2764 1600 2820 (sic
1623 2776 1676 2818 cp
1700 2764 1742 2806 et
1759 2760 1868 2805 Sim.

1103 2835 1137 2866 s.
1184 2822 1358 2867 inomel
1403 2827 1445 2867 et
1494 2836 1527 2867 s.
1576 2821 1744 2876 mulsa)
1800 2824 1873 2864 49.
