2004 3186
774 126 1176 179 —161-

129 243 386 294 ducendus
448 245 544 294 erit
594 259 654 294 ex
708 243 996 295 decoctione
1058 247 1279 298 cantabri
1336 255 1387 298 et
1447 249 1553 299 oleo
1609 257 1659 300 et
1715 267 1817 301 mo·

128 316 240 367 dico
285 317 400 368 sale.

277 391 422 441 aliud.
507 391 836 459 marrubium,
897 407 1128 460 ysopum,
1188 393 1430 462 puleium,
1501 399 1663 446 omnia
1723 401 1819 448 tria

126 465 275 514 simul
312 467 366 514 in
404 480 532 530 aqua
570 465 843 532 decoques,
883 474 933 515 et
971 482 1086 517 cum
1125 467 1318 517 modico
1358 469 1500 518 melle
1539 472 1696 535 ipsam
1734 471 1816 521 de-

127 540 405 588 coctionem
442 540 584 604 potui
623 538 775 588 dabis,
838 539 1030 590 desinet
1068 540 1223 590 dolor.
1840 555 1861 587 5

275 612 421 662 aliud.
487 614 529 662 si
561 613 688 662 sorte
721 613 936 662 thoracis
968 615 1118 663 nimia
1148 615 1299 664 fuerit
1330 617 1576 684 strictura,
1609 624 1817 683 cogente

126 690 323 736 tumore
347 688 642 751 patientium
665 686 904 753 locorum,
931 689 1137 736 maxime
1164 689 1206 737 si
1231 695 1280 738 et
1300 691 1545 739 viscosum
1570 687 1816 757 (flegma)

125 760 428 826 ostenditur,
466 760 667 810 faenum
697 775 932 825 graecum
965 776 1148 826 coques
1186 777 1245 811 eo
1276 762 1421 812 modo
1454 779 1551 828 quo
1585 768 1815 829 superius

127 833 187 882 ad
226 835 404 884 tussim
443 833 629 884 aridam
669 836 1068 900 conscripsimus

274 907 420 957 aliud.
482 909 636 958 tritici
674 908 881 957 farinam
922 923 1162 975 crassam,
1207 908 1257 957 id
1297 916 1373 959 est
1412 910 1618 959 similam
1667 926 1814 975 quam
1838 924 1882 956 10

123 980 256 1034 mola
302 981 559 1047 ceciderit,
606 978 760 1047 <aut>
807 982 1011 1031 farinam
1060 982 1383 1032 hordeaceam
1434 983 1578 1033 simul
1632 1000 1815 1050 coques

125 1055 179 1103 in
217 1055 506 1105 decoctione
546 1058 679 1105 aneti
718 1061 767 1104 et
805 1055 1046 1106 marrubii
1086 1063 1140 1105 et
1175 1056 1370 1106 sacculo
1414 1057 1654 1107 inclusam
1695 1074 1813 1123 quo-

124 1129 256 1178 tiens
304 1128 519 1178 doluerit
557 1144 776 1194 appones
815 1135 865 1179 et
910 1129 1016 1179 loca
1063 1129 1277 1179 dolentia
1324 1130 1579 1195 vaporabis
1618 1138 1669 1181 et
1706 1132 1816 1181 lana

124 1201 261 1251 molli
299 1217 355 1252 ac
393 1202 578 1251 munda
623 1205 730 1268 ipsa
776 1202 882 1252 loca
921 1203 1106 1253 tutabis
1145 1210 1195 1252 et
1233 1203 1474 1253 fasciabiS.
1550 1211 1635 1254 aut
1672 1205 1815 1255 lenti-

124 1275 286 1326 culam
339 1282 545 1325 testeam
602 1276 683 1325 vel
731 1291 925 1326 aeream
980 1277 1134 1327 calida
1189 1277 1428 1342 repletam
1480 1292 1697 1343 appones
1751 1278 1813 1328 ob
1838 1291 1881 1323 15

123 1349 448 1415 mitigandum
486 1349 721 1400 dolorem.

271 1425 314 1472 si
362 1438 480 1473 vero
535 1429 678 1488 sputa
728 1426 896 1473 tenuia
941 1430 991 1473 et
1042 1438 1273 1489 spumosa
1325 1425 1565 1491 emiserit,
1616 1425 1811 1476 sacculo

122 1510 182 1545 ex
239 1496 339 1547 sale
394 1497 662 1546 torrefacto
723 1496 1004 1564 vaporabiS,
1059 1504 1109 1546 et
1163 1504 1425 1563 postquam
1485 1501 1810 1566 vaporaveris,

122 1569 281 1620 calido
335 1570 518 1620 sabano
573 1570 808 1620 sudorem
862 1571 1114 1638 deterges,
1168 1581 1218 1620 et
1272 1573 1342 1621 sic
1398 1572 1810 1622 medicamentum

122 1642 202 1692 dia
249 1650 476 1694 tessaron
520 1644 570 1693 id
611 1651 688 1694 est
735 1644 795 1694 de
836 1650 1070 1709 quattuor
1108 1644 1369 1710 speciebus
1408 1646 1689 1695 confectum
1728 1662 1808 1711 ap·
1834 1659 1877 1691 20

122 1732 292 1781 poneS.
371 1724 421 1768 et
459 1717 723 1767 conficitur
762 1719 846 1768 sic.
918 1720 1096 1783 recipit
1135 1733 1300 1784 cerae,
1348 1720 1472 1783 picis
1512 1720 1694 1786 siccae,
1733 1735 1810 1769 re·

241 1851 268 1890 3
300 1845 565 1890 marubium
596 1859 664 1902 οΡ.
809 1845 1053 1902 pulegium
1083 1858 1119 1890 c.
1263 1845 1356 1889 tria.
1387 1859 1430 1890 c:
1462 1845 1576 1890 trita.
1598 1860 1649 1903 Ρ.
1786 1852 1816 1890 4

121 1903 318 1948 decocta.
356 1917 426 1960 cp.
506 1912 509 1914 ’
627 1905 732 1961 ipsa
771 1904 982 1949 decoctio
1021 1904 1156 1961 potui
1198 1904 1348 1960 (potui
1390 1917 1473 1950 om.
1519 1908 1559 1962 c)
1605 1905 1717 1949 data
1759 1919 1815 1962 οΡ

120 1962 274 2018 (dabis
306 1968 411 2008 ante
442 1976 556 2008 corr.
582 1964 653 2020 Ρ).
798 1967 823 2007 5
858 1962 1029 2007 desinit
1051 1977 1110 2020 Ρ,
1150 1962 1284 2007 desin
1313 1963 1419 2020 (sie)
1450 1977 1486 2008 c.
1631 1963 1813 2009 dolores

120 2025 227 2066 ante
258 2035 372 2068 corr⁸
398 2035 449 2079 Ρ.
595 2027 622 2066 6
655 2022 889 2067 structura
916 2036 966 2079 Ρ.
1114 2026 1139 2066 7
1174 2022 1214 2066 si
1245 2035 1329 2066 om.
1362 2036 1399 2067 c.
1551 2024 1618 2067 et:
1658 2037 1715 2067 ex
1745 2037 1812 2079 cp.

119 2080 353 2125 viscosum
384 2081 575 2139 flegma:
607 2081 788 2126 viscosa
810 2082 916 2138 (sic)
940 2095 1008 2137 οΡ.
1131 2085 1158 2124 8
1186 2080 1391 2126 ostendit
1422 2095 1458 2125 c.
1578 2081 1655 2126 fer—1
1685 2083 1740 2139 gc
1761 2096 1813 2139 Ρ,

119 2139 231 2184 fenu
260 2140 389 2197 greci
419 2154 455 2186 c.
579 2141 740 2197 coquis
772 2154 807 2185 c.
930 2154 1023 2198 quo
1055 2153 1101 2185 c:
1133 2153 1217 2185 om.
1238 2153 1289 2197 Ρ.
1413 2146 1438 2185 9
1471 2139 1737 2196 scripsimus
1761 2155 1813 2198 Ρ.

121 2203 178 2242 10
226 2213 430 2244 crossam
476 2213 544 2257 cp.
736 2199 901 2244 semila.
941 2214 984 2256 q,
1017 2199 1144 2244 mola
1187 2198 1407 2244 ceciderit
1452 2212 1497 2253 c,
1549 2200 1721 2244 semela
1748 2202 1754 2255 1
1783 2215 1821 2256 q,

120 2257 343 2303 ceciderit
365 2272 416 2315 Ρ.
538 2257 763 2303 similam:
798 2259 854 2315 cf.
882 2258 986 2304 Gal.
1012 2258 1089 2315 XI,
1118 2263 1215 2304 121.
1340 2263 1393 2302 11
1420 2258 1566 2303 mola:
1592 2259 1651 2314 cf.
1681 2258 1813 2303 Ptin.

118 2321 204 2371 18,
236 2322 299 2364 72
330 2331 399 2386 3513
516 2319 599 2362 aut
629 2318 806 2363 addidi.
929 2317 1203 2362 ordeaceam
1226 2331 1262 2374 c,
1296 2317 1476 2361 —ciam
1507 2331 1552 2374 Ρ.
1673 2317 1813 2362 simul

121 2389 231 2431 coqs
262 2390 321 2433 Ρε
362 2376 403 2421 si
441 2376 545 2433 quis
585 2391 622 2422 c.
776 2382 830 2422 12
870 2377 920 2421 in
958 2390 1001 2421 c.
1043 2390 1099 2421 ex
1131 2390 1184 2433 Ρ.
1336 2376 1491 2421 saculo
1533 2375 1713 2421 inclusa
1742 2390 1809 2432 cp.

123 2438 180 2477 14
222 2449 278 2480 ac
320 2448 364 2479 c:
408 2437 457 2479 et
490 2450 542 2492 Ρ.
702 2437 806 2482 loca
844 2449 927 2482 om.
968 2450 1005 2481 c.
1155 2435 1412 2492 tubabisp
1375 2449 1425 2492 Ρ.
1591 2435 1812 2479 lenticula

119 2494 297 2538 testata
334 2494 412 2539 vel
450 2508 557 2539 eres.
597 2495 750 2540 calida.
788 2510 834 2551 c,
871 2495 902 2539 1.
937 2509 1092 2540 eream
1122 2495 1199 2540 vel
1228 2496 1427 2539 testeam
1459 2507 1496 2558 c.
1520 2507 1571 2550 Ρ.
1754 2498 1807 2538 15

122 2552 517 2640 obmittigandum
548 2596 608 2640 Ρ,
647 2598 674 2637 z
714 2584 774 2629 ob
812 2583 1270 2641 mitig.c.17
1302 2582 1462 2627 tenuia
1492 2595 1535 2627 c:
1578 2580 1734 2625 ieiuna.
1756 2595 1808 2638 Ρ.

122 2655 340 2709 spumosa.
361 2641 430 2696 (G.
456 2642 515 2686 A.
541 2655 614 2687 ox.
639 2647 681 2698 2,
708 2647 832 2699 117):
865 2658 919 2700 sp
920 2657 1079 2687 umam
1102 2656 1139 2699 c,
1168 2655 1353 2699 spumas
1372 2655 1421 2697 Ρ.
1543 2638 1749 2685 emiserit
1772 2653 1812 2693 c,

124 2700 278 2745 ——rint
293 2714 345 2757 Ρ.
465 2704 524 2745 20
548 2701 813 2747 diatesaron
838 2716 874 2756 c,
900 2701 1188 2747 diatesseron
1202 2715 1240 2757 Ρ
1263 2701 1340 2754 (cf.
1367 2699 1414 2745 Ο.
1439 2699 1499 2743 A.
1522 2712 1595 2743 ox.
1619 2703 1661 2754 2,
1689 2703 1808 2753 112).

124 2759 387 2804 confectum
426 2773 635 2816 appones
665 2760 695 2808 i.
729 2761 786 2805 de
816 2737 918 2805 11'11.
960 2760 1199 2818 speciebus
1241 2758 1503 2803 confectum
1533 2758 1639 2812 (sic)
1627 2771 1720 2842 υυ,Ρ
1757 2757 1812 2801 id

125 2834 198 2877 est
230 2859 284 2865 -
316 2833 579 2878 confectum
611 2847 694 2879 om.
727 2848 763 2880 c.
885 2838 940 2878 21
974 2836 1018 2888 Bt
1049 2847 1092 2879 c:
1123 2846 1206 2878 om.
1231 2846 1282 2889 Ρ.
1412 2845 1512 2877 cere
1544 2844 1587 2876 c:
1621 2845 1672 2876 cc
1699 2844 1748 2887 Ρ.

212 2914 406 2949 Cassius
430 2915 585 2958 Felix,
612 2916 668 2950 ed.
692 2917 738 2951 V.
762 2916 872 2950 Rose.
1489 2909 1540 2948 11
