2004 3186
800 86 1206 138 -136—

159 206 343 257 doloris
389 209 588 256 maioris
635 207 796 274 digiti,
842 206 990 256 nullis
1038 205 1449 272 praecedentibus
1497 209 1680 275 causiS,
1727 224 1841 259 cum

158 281 342 331 rubore
383 283 513 330 circa
552 281 874 330 articulorum
911 280 1098 347 locum,
1146 287 1195 330 et
1241 282 1394 344 inagis
1434 286 1678 330 nocturno
1717 289 1839 332 tem·

158 371 293 419 pore.
363 356 674 404 increscente
721 369 838 403 vero
884 356 1112 419 passione
1159 353 1429 418 plurimum
1474 354 1668 403 articuli
1707 371 1838 405 com·

158 430 415 493 patiuntur
454 434 504 477 et
542 427 681 492 digiti
719 430 1034 476 invertuntur
1066 433 1116 476 et
1154 428 1439 476 durescunt.
1500 433 1843 478 veterescente

113 510 134 544 5
159 508 323 551 autem
370 503 620 567 passione,
667 500 902 550 diuturno
943 500 1133 550 doloris
1178 507 1400 565 tempore
1449 502 1595 549 etiam
1634 507 1683 550 et
1732 504 1843 566 pori

159 581 454 641 nascuntur,
509 590 568 624 ex
623 574 802 639 quibus
857 580 1167 639 aegrotantes
1220 573 1406 638 lapides
1453 574 1636 623 similes
1690 591 1846 640 gypso

160 649 405 699 emittunt.
485 655 548 698 ¹et
607 654 780 712 torpor
851 647 1047 712 quidam
1109 649 1406 697 accessionis
1467 654 1690 715 tempore
1753 663 1846 713 per

159 721 381 771 membra
417 718 719 786 patientibus
758 721 1007 770 discurrit.
1061 721 1320 785 aliquando
1359 723 1575 785 rigorem
1608 724 1846 788 sentiunt,

160 795 419 860 aliqnando
445 794 671 845 calorem.
728 802 776 844 et
807 799 924 843 sunt
953 796 1110 859 ipsius
1134 795 1378 859 podagrae
1410 794 1668 844 distantiae
1701 795 1844 861 duae,

95 879 137 911 10
161 877 238 918 est
285 871 415 917 enim
460 869 637 933 frigida
685 875 734 917 et
781 868 948 917 calida.
1019 870 1233 933 cognitio
1280 873 1445 916 autem
1492 867 1685 917 illarum
1733 869 1849 918 talis

162 948 250 991 est.
312 944 364 990 in
397 941 617 990 calidiori
656 942 820 990 fervor
859 941 1176 990 incendiosus
1209 956 1321 991 cum
1354 941 1634 990 vehementi
1673 941 1842 991 dolore

161 1017 400 1081 sentitur,
439 1021 704 1079 apparente
744 1015 1022 1064 rubicundo
1061 1022 1271 1065 tumore.
1338 1016 1390 1063 in
1436 1014 1679 1078 frigidiori
1728 1030 1849 1065 vero

160 1088 345 1137 inflatio
386 1088 639 1137 subalbida
678 1089 906 1138 efficitur.
967 1095 1291 1152 utrarumque
1329 1093 1494 1136 autem
1526 1090 1712 1137 sanatio
1751 1091 1846 1138 ista

162 1168 258 1227 est,
304 1164 355 1211 in
395 1162 615 1211 calidiori
653 1163 1013 1228 refrigerativa,
1059 1164 1111 1211 in
1159 1161 1401 1226 frigidiori
1447 1161 1758 1211 calefactoria
1797 1169 1848 1212 et

96 1246 137 1278 15
163 1237 416 1301 eiectoria,
479 1251 624 1300 quam
680 1235 854 1284 Graeci
907 1235 1243 1285 diaforeticam
1298 1234 1485 1284 vocant.
1571 1242 1621 1284 et
1682 1235 1851 1285 differt

161 1309 455 1374 podagricus
504 1309 563 1357 ab
611 1309 889 1375 arthriticO,
937 1311 1048 1373 quia
1095 1309 1348 1374 podagrici
1392 1310 1444 1356 in
1491 1323 1637 1357 crure
1685 1309 1847 1358 solum

163 1384 496 1431 causationem
534 1382 740 1449 habent,
780 1382 1022 1431 arthritici
1053 1389 1217 1432 autem
1256 1384 1308 1430 in
1341 1381 1569 1430 omnibus
1608 1383 1843 1432 articulis

308 1457 360 1503 in
400 1455 736 1505 curationibus
769 1462 933 1504 autem
966 1455 1024 1504 ad
1065 1455 1267 1505 calidam
1305 1455 1571 1520 podagram
1606 1456 1850 1505 mustelae

163 1530 453 1592 sanguinem
499 1545 612 1578 cum
658 1529 952 1594 plantaginis
999 1545 1118 1579 suco
1165 1531 1297 1578 inter
1342 1530 1447 1593 ipsa
1493 1529 1631 1577 initia
1670 1529 1846 1580 illineS.

25 1594 32 1601 ’
98 1614 140 1644 20
311 1601 455 1650 aliud.
519 1603 767 1651 coriandri
798 1602 918 1651 'folia
958 1610 1042 1652 aut
1078 1603 1342 1666 iusquiami
1381 1601 1495 1650 folia
1526 1609 1612 1650 aut
1650 1602 1847 1652 coliculi

162 1674 298 1741 folia,
337 1690 437 1723 non
475 1683 735 1739 praesente
774 1678 1075 1742 iusquiam0,
1124 1682 1259 1725 teres
1307 1674 1569 1739 diligenter
1607 1682 1657 1724 et
1696 1691 1854 1741 super

162 1750 328 1798 mittes
368 1748 585 1798 medium
622 1751 762 1814 panis
794 1749 966 1799 mundi
1004 1749 1180 1814 frigida
1213 1757 1263 1798 et
1294 1755 1470 1813 aquata
1500 1763 1650 1813 posca
1680 1750 1850 1816 infusi,

281 1894 307 1933 2
339 1890 504 1934 robore
536 1904 604 1948 cp.
756 1891 879 1935 circa
920 1891 1076 1935 locum
1107 1891 1192 1935 arb.
1218 1905 1268 1947 10-
1420 1894 1446 1934 3
1478 1889 1593 1934 incr.
1631 1890 1848 1946 passione

162 1962 271 1992 vero
304 1948 366 2004 pl.
399 1962 435 1994 c.
557 1955 586 1993 4
615 1949 857 2006 patiuntur
889 1964 926 1995 c.
1077 1954 1102 1993 5
1135 1949 1280 1994 etiam
1310 1962 1393 1994 om.
1427 1962 1463 1993 c.
1610 1954 1634 1993 7
1666 1948 1851 2005 corpori

163 2007 351 2063 quidem
381 2020 419 2061 c,
451 2005 528 2054 cdr
567 2009 758 2064 quidam
788 2023 838 2065 p.
961 2013 987 2052 9
1028 2010 1074 2052 ei:
1113 2010 1221 2052 suni,
1251 2033 1308 2051 —.-
1341 2009 1434 2064 (15)
1464 2008 1637 2052 vocant
1659 2028 1716 2045 =
1742 2007 1846 2052 Gal.

165 2066 315 2119 XIV,
347 2069 452 2110 384.
591 2072 646 2111 10
678 2067 708 2112 i.
735 2067 800 2124 (id
826 2069 913 2123 est)
948 2067 1120 2123 frigida
1150 2069 1234 2111 aut
1265 2081 1300 2111 c.
1331 2081 1369 2122 p
1402 2066 1481 2122 (ad
1509 2080 1603 2111 rem
1634 2067 1692 2121 cf.
1726 2066 1847 2111 Cael.

163 2126 253 2170 chr.
288 2129 337 2180 5,
370 2126 458 2180 31).
583 2131 637 2169 11
671 2125 882 2170 calidiori
912 2140 988 2182 cp,
1021 2133 1150 2175 ——ozt
1180 2130 1287 2171 ante
1317 2139 1432 2169 corr.
1457 2138 1509 2180 p.
1633 2130 1685 2170 12
1718 2124 1850 2183 frigi·

164 2183 284 2228 diori
307 2188 366 2239 10⁰
396 2186 544 2235 (-02t
566 2199 625 2241 p,
667 2199 806 2228 —ora
838 2185 893 2240 c).
1074 2198 1183 2228 vero
1216 2209 1282 2226 -.
1305 2185 1398 2240 (14)
1431 2182 1664 2240 frigidiori
1693 2197 1777 2228 om.
1810 2198 1848 2230 c.

166 2247 222 2286 14
254 2241 476 2288 calefacbe
501 2257 551 2298 Ρ.
579 2248 583 2251 ’
676 2248 730 2287 15
763 2245 811 2287 el:
842 2243 1092 2287 exiectoria
1121 2244 1223 2299 (sic)
1247 2256 1292 2287 c:
1324 2256 1406 2287 om.
1425 2256 1476 2298 p.
1540 2282 1543 2286 ,
1598 2242 1851 2287 diaforesin

164 2330 200 2371 c,
234 2307 459 2375 diaffb'lta.
490 2317 734 2372 (—forata)
759 2331 809 2373 p.
919 2321 987 2360 ’16
1013 2316 1208 2360 artetico
1233 2329 1270 2372 c,
1302 2315 1475 2360 areiico
1500 2330 1550 2371 p.
1672 2316 1780 2372 quia
1804 2330 1852 2361 c:

163 2376 384 2430 quoniam
423 2377 536 2432 (qffi)
568 2390 618 2432 p.
799 2375 1010 2432 podagra
1045 2375 1209 2419 incura
1247 2374 1397 2418 solum
1439 2374 1583 2419 habet
1629 2375 1849 2420 arteticus

164 2436 321 2478 autem
353 2450 376 2480 c
405 2436 487 2489 (ad
528 2448 620 2479 rem
651 2436 710 2489 cf.
744 2435 848 2480 Gal.
881 2434 1050 2488 XIII,
1089 2437 1215 2489 332).
1395 2433 1445 2476 in
1484 2447 1594 2478 cura
1632 2437 1780 2489 (icura.
1812 2448 1853 2488 c,

164 2499 183 2536 i
216 2493 302 2537 cua,
325 2496 380 2551 p)
413 2509 480 2550 cp.
626 2497 679 2538 17
712 2492 911 2538 artritiei
940 2494 1013 2538 hic
1036 2507 1086 2549 p.
1233 2497 1285 2536 19
1320 2492 1613 2549 sanguinem:
1647 2492 1850 2536 cinerem

165 2554 371 2608 affirmat
408 2554 563 2598 Diosc.
596 2567 646 2608 p.
679 2557 769 2597 179
809 2553 881 2608 (ex
920 2565 1007 2607 quo
1039 2551 1242 2596 Galenus
1282 2551 1422 2604 XII,
1462 2553 1591 2607 362).
1653 2552 1706 2595 de
1743 2565 1851 2595 san-

162 2614 301 2669 quine
330 2614 464 2657 aliter
487 2612 548 2656 D.
575 2613 603 2655 l.
630 2626 666 2656 c.
802 2615 858 2655 20
881 2609 1028 2654 illinis
1051 2625 1118 2666 cp.
1240 2608 1472 2654 coriandri
1487 2624 1546 2666 p:
1577 2609 1786 2654 cantabri
1810 2623 1847 2654 c.

164 2671 278 2715 folia
301 2676 408 2727 post
436 2670 687 2726 iusquiami
717 2684 800 2715 om.
834 2684 868 2714 c.
1022 2668 1239 2713 cauliculi
1271 2683 1338 2725 cp.
1486 2673 1541 2712 21
1573 2668 1782 2725 presenti
1812 2682 1849 2713 c.

166 2734 221 2773 22
254 2730 414 2773 mundi
445 2743 528 2776 om.
562 2744 597 2774 c.
779 2727 952 2786 frigida
983 2730 1032 2772 et
1061 2735 1235 2783 aquata
1265 2742 1409 2785 pusca
1439 2741 1485 2783 c,
1521 2727 1692 2783 frigida
1723 2728 1771 2770 et
1801 2728 1851 2770 in

167 2802 291 2844 aqua.
320 2802 464 2845 pusca
488 2802 537 2844 p.
