2004 3186
846 93 1250 147 -210—

229 227 316 272 910,
357 211 469 257 Sim.
511 224 546 256 s.
585 210 647 267 v.)
686 210 912 255 virtutem
957 209 1007 254 id

231 275 302 317 est
334 269 693 329 glutinatoriam
724 273 796 313 39.

201 286 434 376 κολλώδ
434 340 522 385 ηςε
538 327 828 386 glutinosum
837 326 1008 383 flegma

234 389 360 446 quod
387 387 552 432 Graeci
577 386 782 432 collodes
809 385 1007 443 (coliode

231 462 339 506 ycp,
381 445 581 492 colliade
621 445 729 491 Sim.
763 458 799 490 8.
830 446 889 501 v.)
926 458 1005 489 vo-

235 509 346 551 cant
376 510 447 550 34.

203 562 376 632 κόλρν
425 564 562 619 (unde
608 559 811 619 κολική)ε
859 561 1004 607 totius

231 624 379 682 ipsius
410 621 644 677 intestini,
681 621 807 679 quod
839 620 1006 665 Graeci

232 682 452 728 consuete
530 681 667 725 colon
747 680 1006 737 appellant,

234 741 359 799 quod
433 739 663 795 aliquanti
737 738 1007 783 inferiorem

231 799 544 845 ventriculum
598 797 760 842 dicunt
815 802 871 842 51
911 798 1005 867 (cf.

235 860 353 904 Poll.
396 863 445 912 2,
487 861 572 902 209
614 860 827 901 καλεῖται
866 851 1006 901 κόλον

232 917 314 962 καὶ
345 913 471 961 κάτω
503 915 687 972 κοιλία).

203 974 437 1029 κόλποςτ
469 973 743 1031 pendigines
773 974 850 1018 vel
882 975 1008 1020 sinus

235 1035 462 1091 (ulcerum
479 1033 591 1078 Sim.
606 1046 640 1077 8.
660 1033 825 1089 colfos)
840 1032 1008 1079 Graeci

235 1094 399 1150 colpus
420 1091 601 1150 (0011118,
626 1091 755 1137 —fos
777 1105 838 1149 910
863 1093 921 1148 cf.
951 1097 1005 1138 19

235 1153 341 1198 colfi
371 1152 518 1209 ipsius
547 1153 594 1208 9)
625 1153 910 1196 vocaverunt
935 1156 1005 1196 19.

236 1210 554 1267 encolpizabis⁴
565 1209 938 1267 (encolpismum)
956 1211 1007 1256 id

235 1275 299 1316 est
349 1269 515 1326 supino
562 1271 766 1313 scemate
811 1269 1007 1314 iacentis

234 1330 283 1374 in
330 1328 481 1373 sinum
527 1327 736 1372 mulieris
789 1327 1005 1373 infundes

234 1401 374 1444 quem
418 1386 585 1432 Graeci
623 1386 792 1443 colpon
832 1387 1006 1443 (colfon

229 1449 284 1504 p)
317 1446 560 1516 appellant
593 1449 661 1490 78.

204 1502 578 1559 κονδύλωμαε
692 1503 1011 1550 condilomata

237 1578 357 1621 quae
379 1578 464 1608 nos
488 1563 637 1608 latino
661 1577 872 1608 sermone
897 1564 1009 1609 dici-

237 1638 340 1667 mus
380 1622 625 1667 tubercula
665 1627 720 1666 74
768 1622 842 1678 (cf.
891 1621 1008 1668 Cael.

238 1683 329 1727 chr.
381 1686 430 1737 2,
472 1686 556 1725 129
595 1681 841 1726 tubercula
888 1696 1010 1737 quae

239 1739 405 1785 Graeci
440 1739 770 1796 condylomata
807 1742 1010 1797 vocant).

206 1800 437 1857 κοῦφοςτ
479 1799 744 1845 cucurbitas
786 1798 914 1844 cusas
960 1799 1012 1844 id

239 1860 310 1904 est
339 1858 435 1902 levi
467 1872 572 1902 cum
603 1857 900 1917 appositione
933 1858 1010 1903 de-

239 1918 380 1962 duces
414 1922 468 1961 71
502 1917 578 1972 (cf.
607 1917 725 1963 Cael.
758 1930 830 1962 occ.
867 1922 906 1974 1,
941 1922 1010 1963 78.

241 1981 311 2021 79.
376 1977 467 2021 chr.
510 1981 557 2032 1,
600 1981 654 2021 77
694 1978 747 2020 in
781 1977 934 2021 eadem
964 1991 1013 2022 re

239 2037 337 2092 etc.)
366 2070 375 2080 .
402 2070 412 2080 .

242 2099 311 2139 77.

209 2153 431 2210 xQo'co'eg:
487 2154 703 2197 naturam
750 2152 848 2198 sive
895 2155 1014 2197 tem-

240 2210 506 2268 perantiam
583 2211 787 2268 corporis
873 2226 1014 2268 quam

241 2269 409 2316 Graeci
456 2269 609 2314 crasin
662 2269 909 2327 appellant
956 2276 1012 2315 39

243 2330 342 2386 (ubi
394 2329 566 2374 citatur
624 2327 828 2374 Galenus
882 2329 1014 2373 libris

241 2387 540 2445 pericraseon
563 2387 815 2444 appellatis
839 2388 888 2431 in
912 2388 1013 2445 qui-

241 2447 329 2491 bus
362 2447 419 2491 de
460 2447 775 2503 temperantia
807 2447 1015 2503 corporis

244 2505 437 2563 scribit).

245 2566 396 2610 0108111
441 2565 491 2609 111
546 2564 617 2609 est
669 2566 886 2610 naturam
938 2565 1015 2610 vel

242 2622 604 2692 temperantiam
636 2624 839 2681 corporis
874 2628 942 2669 73.

212 2678 483 2749 xot‘nxo'g:
547 2684 655 2727 sunt
708 2684 866 2727 autem
919 2682 1016 2727 dies

238 2740 389 2786 critici
422 2741 602 2798 (cretici
630 2743 702 2798 cp)
733 2742 902 2799 quibus
932 2755 1017 2809 1101

238 2799 1017 2858 sudoremprosperadeterminatio

441 2070 450 2080 .
476 2036 581 2080 item
614 2035 785 2080 blande
811 2035 1012 2080 deduces

509 2505 764 2550 secundum
810 2505 1014 2551 hominis

1126 207 1328 263 febrium
1375 208 1472 253 sive
1519 208 1742 254 discussio
1795 208 1898 255 fieri

1127 266 1252 312 solet
1279 271 1348 312 61.

1096 321 1498 383 κροκυδισμόςτ
1524 325 1824 372 crocidismos
1847 327 1898 371 id

1128 386 1201 429 est
1230 384 1454 430 flocorum
1488 385 1676 440 electio,
1718 384 1757 429 si
1796 385 1897 443 qui-

1131 443 1238 488 dem
1286 443 1449 501 digitis
1495 443 1760 500 frequenter
1804 443 1898 501 ipsi

1125 502 1359 560 patientes
1430 501 1681 559 (frenetici)
1747 503 1898 560 operi-

1126 562 1286 606 menta
1339 562 1594 606 attractare
1649 561 1900 607 videantur

1126 624 1195 664 62.
1238 620 1301 688 'cf-
1338 619 1456 664 Cael.
1489 633 1562 665 ox.
1597 625 1644 677 1,
1676 625 1746 666 21.
1795 624 1867 665 48.

1094 675 1316 724 κωδύαε
1358 677 1514 723 0011108
1552 678 1603 723 1(1
1641 681 1713 724 est
1754 693 1898 737 papa-

1127 738 1247 782 veris
1311 736 1524 807 agrestis
1564 738 1788 795 capitella
1842 743 1899 784 62

1128 792 1364 864 (μήκωνος
1395 792 1616 853 κωδύας).

1097 850 1900 924 λαχανώδης.11010108118-υ1’ᾱ.

1126 910 1388 971 σιτώδης.

1098 973 1497 1040 λειεντερικοίε
1551 972 1786 1018 lienterici
1831 972 1899 1017 di-

1128 1033 1295 1076 cuntur
1335 1031 1418 1088 qui
1441 1064 1451 1074 .
1479 1065 1489 1075 .
1517 1066 1526 1076 .
1553 1031 1680 1076 cibos
1713 1065 1723 1074 .
1753 1067 1765 1078 .
1791 1067 1801 1077 .
1830 1032 1902 1076 in-

1127 1089 1334 1148 digestos
1367 1126 1376 1135 .
1411 1124 1421 1134 .
1459 1124 1469 1134 .
1501 1092 1744 1147 tamquam
1818 1103 1903 1148 per

1127 1149 1280 1194 levem
1333 1149 1666 1194 intestinorum
1713 1150 1902 1207 lapsum

1127 1209 1324 1265 egerunt
1360 1213 1418 1253 47
1459 1209 1534 1264 (cf.
1576 1209 1696 1253 Isid.
1736 1213 1788 1264 4,
1827 1213 1902 1263 27,

1127 1272 1199 1312 37.
1254 1268 1511 1323 λειεντερία
1545 1289 1601 1305 =
1632 1267 1802 1313 levitas
1833 1268 1902 1312 in-

1126 1326 1404 1371 testinorum
1438 1326 1584 1383 Cela).

1096 1382 1320 1442 λειχὴντ
1404 1385 1706 1442 impetigines
1784 1399 1905 1442 quas

1131 1443 1298 1488 Graeci
1320 1443 1530 1488 lichenas
1555 1445 1639 1500 (sic
1669 1457 1746 1501 yp,
1768 1443 1904 1489 lichi-

1129 1516 1245 1547 unas
1273 1505 1313 1559 c)
1346 1504 1536 1559 vocant,
1568 1503 1729 1548 Latini
1758 1504 1904 1560 vulgo

1131 1575 1292 1606 zernas
1321 1562 1564 1618 appellant
1596 1567 1666 1607 11.

1100 1620 1441 1676 λειχηνικόςε
1482 1620 1706 1665 trociscus
1745 1621 1906 1677 appel·

1130 1679 1255 1723 latus
1286 1692 1316 1723 0
1340 1679 1526 1724 Graecis
1546 1678 1905 1747 110110111008<1.>

1130 1738 1321 1783 medens
1336 1737 1653 1807 impetigines
1687 1743 1756 1784 11.

1102 1793 1486 1854 λειχηνωδηςε
1579 1797 1903 1843 1110011100..

1132 1869 1326 1913 asperae
1350 1856 1499 1902 veluti
1522 1870 1756 1911 zernosae,
1789 1870 1906 1913 quas

1132 1915 1298 1960 Graeci
1353 1915 1590 1960 licenodes
1652 1915 1905 1972 (licedones

1124 1988 1162 2032 p
1201 1988 1302 2019 cum
1340 1974 1452 2020 Sim.
1491 1989 1526 2020 8.
1569 1976 1630 2031 v.)
1659 1976 1832 2019 vocant
1862 1980 1903 2019 9.

1102 2033 1287 2088 λεπὶς;
1337 2033 1590 2078 corticosas
1638 2033 1906 2090 squamulae

1132 2092 1183 2136 in
1207 2094 1312 2137 cute
1337 2093 1588 2138 ostendunt
1604 2107 1720 2149 quas
1738 2092 1905 2137 Graeci

1134 2151 1315 2208 lepidas
1346 2153 1527 2197 vocant.
1575 2151 1699 2196 unde
1735 2165 1906 2196 nomen

1134 2224 1164 2254 0
1203 2209 1392 2254 Graecis
1441 2211 1517 2267 lep
1520 2224 1573 2254 ra
1609 2209 1793 2266 accepit
1835 2214 1904 2255 15.

1135 2282 1273 2325 super
1296 2269 1488 2314 inducta
1486 2226 1671 2326 Plepida
1694 2269 1777 2324 (sic
1799 2271 1904 2325 ycp)

1134 2341 1274 2384 quam
1318 2342 1402 2373 nos
1450 2328 1746 2384 squamulam
1792 2328 1905 2372 dici-

1133 2400 1236 2431 mus
1268 2391 1339 2434 20.

1105 2442 1276 2501 λήμητ
1303 2445 1566 2503 egestiones
1589 2445 1684 2490 sive
1707 2445 1906 2502 pituitas

1134 2505 1372 2550 oculorum
1411 2519 1526 2561 quas
1559 2504 1726 2549 Graeci
1756 2505 1906 2550 lemas

1132 2566 1304 2608 vocant
1328 2569 1397 2609 29.
1451 2565 1507 2619 cf.
1533 2564 1662 2609 Dem.
1688 2577 1763 2620 ap.
1791 2563 1904 2608 Sim.

1135 2637 1169 2667 8.
1210 2623 1340 2667 lenas
1374 2624 1447 2679 (=
1481 2623 1603 2668 Cass.
1647 2623 1740 2667 cod.
1775 2624 1829 2678 10)
1865 2625 1906 2666 et

1133 2695 1167 2726 8.
1197 2682 1342 2726 lema:
1374 2683 1519 2727 lemas
1550 2681 1705 2738 inquit
1733 2683 1907 2725 vocant

1135 2740 1303 2786 Graeci
1342 2755 1489 2799 grana
1522 2755 1668 2798 parva
1698 2739 1818 2784 sicca
1848 2753 1904 2784 ac

1136 2800 1252 2845 dura
1305 2800 1354 2845 in
1409 2800 1552 2846 0011118
1611 2798 1906 2856 apparentia,
