2004 3186
751 129 1155 180 —143—

109 248 419 312 ssebotomeS,
466 248 532 295 ita
577 253 633 295 ut
679 261 793 296 cum
839 247 1066 297 diviseris
1112 264 1284 298 venam
1339 252 1627 315 sanguinem
1681 268 1789 301 cur-

109 329 303 371 rentem
355 321 603 385 inspicias,
681 320 812 385 quod
867 322 909 369 si
963 324 1245 386 apparuerit
1297 325 1437 387 niger
1485 331 1534 372 et
1581 339 1791 386 crassus,

109 388 448 460 competenter
495 392 724 442 detrahes
772 400 1010 458 quantum
1056 397 1185 445 vires
1231 397 1387 460 ipsius
1436 396 1703 446 laborantis
1743 407 1792 447 et

109 484 256 518 causa
303 475 353 517 et
399 475 531 516 aetas
579 473 629 515 et
674 469 912 532 temporis
952 475 1002 517 et
1046 471 1262 533 regionis
1311 469 1518 534 qualitas
1559 473 1790 535 exegerit.

109 551 158 591 et
198 542 405 590 maxime
444 542 497 589 in
536 540 820 605 spleneticis
859 541 969 590 talis
1003 544 1201 607 sanguis
1241 544 1531 593 ostenditur.
1594 546 1636 593 si
1674 559 1789 593 vero
1813 558 1834 590 5

109 630 169 664 ex
208 616 456 663 contrario
495 613 648 663 flavus
688 621 739 663 et
775 617 941 664 tenuis
981 618 1265 680 apparuerit
1297 619 1515 681 sanguiS‚
1556 620 1790 667 continuo

107 687 376 738 abstinebis
420 694 471 737 et
509 687 631 736 nihil
676 690 876 737 omnino
924 678 1175 756 detrahes,
1227 690 1312 739 sed
1353 697 1543 739 tantum
1583 690 1792 740 diaetam

108 764 215 811 eius
255 760 527 827 ordinabiS,
566 761 616 809 id
656 769 733 811 est
769 763 896 811 vitae
935 763 1177 829 regulam,
1225 778 1349 827 quae
1389 778 1488 812 non
1527 763 1665 813 inflet
1705 763 1792 812 sed

107 837 261 900 magis
307 842 532 884 ventrem
578 835 763 884 molliat
810 835 931 884 cibis
981 838 1187 885 maxime
1235 839 1501 886 consuetis,
1570 837 1701 901 qnod
1749 839 1792 886 si

106 911 307 958 minime
347 909 523 958 fecerit
560 915 807 975 ventrem,
847 917 1043 974 oportet
1078 911 1210 959 inter
1248 911 1385 959 initia
1416 910 1551 959 molli
1582 910 1790 976 clystere
1815 925 1857 956 10

107 982 376 1048 deducere,
415 984 680 1031 novissime
720 997 835 1031 vero
876 985 1068 1032 acriori.
1143 990 1193 1032 et
1232 999 1257 1032 a
1296 985 1516 1048 porcinis
1556 983 1788 1033 carnibus

107 1056 454 1106 abstinendum
501 1063 550 1105 et
596 1055 656 1105 ab
703 1055 933 1106 omnibus
979 1072 1103 1121 quae
1151 1057 1377 1106 similiter
1423 1059 1790 1106 tenacissimum

106 1130 183 1178 vel
222 1144 444 1179 crassum
490 1129 752 1179 humorem
791 1132 1019 1179 nutriunt
1058 1138 1107 1179 et
1146 1131 1434 1195 digestionis
1472 1130 1639 1180 tardae
1680 1145 1789 1179 esse

105 1203 392 1268 probantur.
461 1204 574 1252 vino
614 1218 730 1252 vero
770 1203 1010 1252 utendum
1049 1206 1188 1253 tenui
1227 1211 1277 1252 et
1315 1203 1424 1253 albo
1466 1211 1514 1252 et
1554 1205 1790 1253 mediocri

105 1279 288 1326 virtute
328 1276 483 1325 calido
494 1316 507 1341 ,
555 1283 604 1325 et
643 1276 872 1325 omnibus
904 1276 1181 1326 volatilibus
1219 1284 1416 1342 praeter
1454 1277 1534 1325 illa
1574 1293 1697 1341 quae
1737 1278 1788 1325 in
1814 1289 1855 1322 15

106 1365 233 1414 aqua
263 1357 536 1399 nascuntur
567 1357 617 1399 et
647 1350 867 1414 piscibus
900 1350 1258 1414 digestibilibus
1286 1350 1561 1399 molliorem
1593 1365 1790 1399 carnem

106 1423 401 1473 habentibus
456 1431 506 1472 et
558 1423 679 1472 nihil
732 1425 784 1472 in
839 1439 892 1472 se
954 1425 1108 1473 crassi
1172 1424 1395 1473 humoris
1449 1423 1789 1473 retinentibus,

107 1499 253 1546 etiam
300 1504 350 1546 et
388 1496 696 1546 salsamentis
736 1504 786 1546 et
826 1498 984 1561 sinapi
1022 1499 1096 1546 uti
1134 1504 1351 1564 oportet,
1398 1505 1447 1546 et
1492 1497 1665 1547 diebus
1707 1497 1789 1545 ali-

106 1572 303 1635 quantis
351 1578 401 1620 et
446 1571 524 1619 dia
569 1572 701 1620 trion
747 1586 998 1636 pepereon
1045 1571 1318 1620 antidotum
1363 1572 1416 1618 in
1456 1571 1789 1635 magnitudine

105 1644 244 1693 fabae
291 1646 490 1693 maioris
537 1645 786 1709 aegyptiae
835 1659 948 1693 cum
977 1644 1151 1708 ¹¹calida
1198 1651 1310 1692 ante
1357 1659 1505 1692 unam
1544 1644 1619 1692 vel
1667 1643 1786 1692 duas
1812 1656 1854 1689 20

106 1718 253 1766 horas
303 1719 599 1767 accessionis
645 1718 776 1766 dare.
851 1724 936 1766 aut
975 1724 1109 1766 certe
1150 1717 1424 1766 antidotum
1464 1717 1594 1780 quod
1633 1716 1787 1765 Fila-

106 1793 273 1856 grius
313 1793 634 1856 synpepticon
680 1790 1000 1855 lexopyreton
1038 1790 1317 1856 appellavit,
1365 1789 1590 1838 similiter
1637 1789 1788 1855 dabis,

106 1873 190 1915 aut
220 1864 512 1929 diaspoliten
536 1864 962 1913 medicamentum.
1010 1870 1094 1913 aut
1123 1866 1266 1929 piper
1298 1863 1457 1912 solum
1490 1878 1602 1913 cum
1637 1863 1789 1912 calida

226 1997 250 2035 1
282 1989 606 2036 flebotomabis
638 2004 705 2047 cp.
857 1996 883 2034 2
916 1991 1135 2047 inspicias
1167 2004 1209 2035 c:
1254 1989 1454 2046 aspicias
1478 2004 1530 2047 Ρ.
1681 1995 1707 2033 3
1740 1991 1788 2034 et

106 2071 160 2109 ca
183 2079 245 2121 Ρ,
277 2064 339 2108 vl'
366 2056 450 2109 bas
481 2078 516 2109 c.
667 2070 697 2108 4
728 2065 776 2108 et
804 2063 1029 2121 temporis
1052 2078 1111 2120 Ρ,
1152 2078 1177 2108 e
1211 2078 1237 2116 z
1267 2053 1376 2122 pme
1407 2077 1444 2108 c.
1594 2063 1792 2119 exigerit

104 2124 183 2168 vel
212 2123 469 2168 ostenderit
484 2137 534 2179 Ρ.
657 2127 683 2166 5
717 2124 766 2167 et
787 2136 870 2168 om.
896 2137 963 2179 σΡ.
1086 2128 1111 2166 5
1145 2123 1406 2167 ostenditur
1430 2148 1483 2153 —
1510 2123 1573 2179 (6)
1602 2122 1789 2178 sanguis

103 2196 187 2228 om.
219 2197 255 2228 c.
379 2187 404 2226 7
436 2181 658 2227 retinebis
680 2196 731 2238 Ρ.
854 2181 908 2239 83
937 2184 1009 2226 tffi
1040 2181 1190 2226 dietas
1221 2182 1318 2226 eius
1351 2195 1393 2225 o.
1425 2194 1469 2234 c,
1502 2181 1583 2224 sed.
1615 2181 1790 2224 dietam

104 2256 147 2286 o.
163 2256 214 2298 Ρ.
336 2246 362 2285 9
393 2240 542 2297 magis
575 2255 619 2286 c:
651 2242 838 2285 tantum
866 2255 913 2297 Ρ.
1020 2240 1155 2285 cibis:
1189 2240 1318 2285 ciuus
1350 2239 1480 2297 (clu9)
1509 2254 1547 2294 e,
1579 2241 1711 2295 0160)
1739 2253 1786 2294 Ρ.

104 2299 452 2346 consuetudinis
488 2314 523 2345 c.
675 2300 800 2356 quod
839 2300 877 2344 si
914 2315 957 2345 v.
996 2314 1091 2344 non
1126 2299 1292 2344 fecerit
1324 2313 1375 2355 Ρ.
1528 2303 1583 2342 10
1616 2298 1791 2342 elisteri

104 2359 272 2403 deduci
301 2372 338 2404 c.
491 2364 543 2402 13
585 2372 786 2403 crossum
831 2373 898 2415 cp.
1053 2364 1108 2403 14
1143 2359 1506 2415 comprobantur
1528 2372 1579 2414 Ρ.
1734 2361 1787 2400 15

104 2420 153 2462 et
190 2418 250 2462 ab
293 2417 506 2462 omnibus
538 2432 589 2474 Ρ.
772 2423 826 2462 16
866 2418 1056 2462 mollem
1095 2432 1146 2474 Ρ.
1329 2422 1383 2461 18
1426 2417 1569 2461 etiam
1614 2429 1696 2460 om.
1735 2429 1786 2471 Ρ.

104 2479 153 2521 et
185 2479 308 2533 (ante
337 2476 518 2528 diebus)
549 2490 632 2521 om.
665 2490 735 2533 σΡ.
881 2482 935 2520 19
969 2478 1017 2521 et
1047 2477 1170 2532 (ante
1200 2476 1294 2533 dia)
1330 2490 1372 2520 c:
1416 2489 1498 2520 om.
1528 2489 1576 2530 Ρ.
1718 2473 1789 2530 pi-

103 2549 276 2592 pereon
308 2549 375 2591 cp.
497 2540 554 2580 20
584 2535 615 2581 f.
642 2535 873 2592 egiptiace
902 2535 1093 2580 maioris
1116 2549 1168 2591 Ρ.
1289 2549 1394 2579 cum
1419 2533 1572 2578 calida
1595 2544 1717 2587 aqua
1732 2546 1785 2587 Ρ.

105 2595 180 2638 vel
211 2594 326 2638 duas
358 2594 656 2639 accessiones.
684 2596 692 2651 Ι
718 2594 820 2639 oms
846 2596 954 2651 (Ρνο
985 2596 1107 2649 oras)
1131 2608 1182 2650 Ρ.
1267 2599 1320 2638 21
1356 2593 1466 2637 dare
1497 2606 1579 2637 om.
1613 2605 1648 2636 c.
1733 2592 1788 2634 ut

105 2654 229 2697 certe
259 2653 337 2698 vel
367 2653 467 2709 (ul')
499 2654 593 2698 ant.
627 2667 663 2699 c.
815 2653 1050 2710 filagricus
1081 2667 1149 2709 οΡ.
1284 2657 1339 2696 22
1373 2650 1630 2706 sinpeptico
1661 2648 1785 2692 lexo-

105 2712 257 2767 petias
282 2727 340 2768 Ρ,
381 2711 586 2768 sinpepti
624 2712 776 2756 celebs
815 2713 984 2770 opitios
1017 2726 1051 2756 c.
1233 2709 1492 2767 appellavit
1526 2723 1583 2764 p:
1627 2707 1787 2763 appel-

103 2771 252 2815 latum
291 2785 327 2816 c.
507 2775 562 2814 23
601 2770 880 2828 diaspoliten
919 2785 964 2827 c,
1003 2770 1261 2815 diaboliten
1292 2783 1329 2825 Ρ
1369 2767 1657 2825 (diaspolites
1694 2768 1786 2822 ΡΟ),

106 2830 206 2874 solu
239 2830 462 2886 (solutum
493 2834 598 2874 ante
629 2831 763 2886 corr.)
798 2843 841 2875 c:
874 2842 958 2875 om.
984 2843 1034 2886 Ρ.
