2004 3186
771 112 1133 164 -59..„

108 231 335 282 similiter
374 232 492 281 facit
522 231 839 296 singulariter
870 238 920 281 et
958 235 1036 282 ovi
1067 232 1336 284 columbini
1367 233 1531 283 album
1563 240 1613 284 et
1643 241 1792 284 tenue

106 307 159 355 in
195 305 353 356 oculis
390 305 625 355 infusum.

253 378 512 443 collyrium
527 380 1017 443 superinunctorium
1038 380 1170 444 quod
1187 379 1363 430 Graeci
1385 380 1795 446 yperenchriston

105 459 294 503 vocant.
354 453 470 502 facit
503 451 563 501 ad
594 451 804 517 hypopia
835 452 886 502 id
917 459 994 502 est
1030 453 1211 504 livores
1247 453 1651 518 palpebrarum!
1688 453 1777 517 [ci-
1811 468 1881 507 fim
1844 467 1944 499 nitur

105 533 248 577 cutae
287 525 471 575 herbae
510 527 619 575 suci
657 524 720 574 d?
755 525 855 590 VII,
893 528 1085 576 acaciae
1125 526 1188 577 dr
1217 526 1293 593 VI,
1332 529 1468 577 croci
1506 526 1568 577 dr
1596 527 1656 594 11,
1695 526 1776 576 ab·
1792 511 1974 595 mpssf‘}

105 599 275 650 sinthii
312 601 423 649 suci
462 604 512 648 et
547 613 747 648 murrae
787 597 846 648 di·
885 600 1124 666 singulas,
1171 602 1271 667 opii
1310 616 1456 664 scrip.
1495 600 1564 668 ΙΙ,
1611 603 1796 650 cummi

103 672 167 721 dr
203 672 316 739 1111,
356 687 510 737 aquae
550 672 683 737 quod
723 673 989 723 suffecerit.

287 803 436 854 XXX.
497 804 578 854 Ad
618 804 846 854 fluxum
887 808 1199 872 sanguinis
1239 822 1307 856 ex
1345 805 1610 856 naribus,

253 907 518 973 Sanguinis
563 923 680 957 vero
734 908 864 958 fluor
915 925 1063 974 parva
1123 909 1452 959 destillatione
1505 925 1596 975 per
1650 924 1796 959 nares

222 1069 245 1109 1
280 1067 407 1122 smgt
434 1078 465 1122 y
495 1063 817 1122 (singulariter
848 1067 934 1122 οΡ).
1086 1065 1272 1111 columb
1302 1080 1333 1123 y
1364 1065 1542 1120 (—bini
1563 1079 1624 1123 Ρ,
1669 1058 1813 1110 -bi-‘

99 1124 226 1170 nacii
255 1126 311 1180 c).
492 1129 518 1167 2
552 1123 700 1168 oculis
730 1137 829 1181 9οΡ.
1011 1130 1038 1169 3
1071 1126 1426 1182 superinunctoi·
1462 1139 1517 1183 qo
1554 1125 1703 1181 (-riu
1726 1126 1795 1181 Ρ).

101 1189 192 1240 que
222 1198 253 1242 9
283 1185 337 1240 (q,
363 1185 448 1240 οΡ).
585 1196 725 1240 ypere
750 1184 957 1227 christon
978 1197 1021 1240 9,
1053 1185 1268 1241 hyperefi
1284 1185 1517 1242 p)criston
1539 1186 1646 1240 ο(Ρ).
1767 1188 1798 1227 4

99 1242 174 1288 fac
205 1257 260 1300 90
292 1243 483 1300 (faciens
506 1242 575 1298 Ρ)
728 1241 890 1299 ipopia
918 1256 979 1299 91)
1012 1242 1110 1300 (ipa
1140 1245 1195 1299 c).
1348 1244 1424 1288 hic
1452 1243 1618 1298 finitur
1648 1246 1799 1286 textus

98 1302 322 1359 simulque
351 1301 502 1358 qualis
536 1314 624 1357 per
653 1313 698 1345 se
728 1302 836 1345 olim
865 1301 960 1356 fuit
991 1302 1159 1346 codicis
1190 1301 1504 1359 Sanyallensis
1534 1303 1603 1358 (9)
1632 1302 1798 1356 folium

99 1362 312 1406 ultimum
353 1361 407 1405 in
435 1361 602 1405 ultima
625 1373 737 1416 pay.
769 1359 911 1416 (208)
939 1373 1030 1405 usu
1060 1362 1299 1416 detritum,
1336 1374 1482 1406 vacuo
1519 1361 1700 1417 quidem
1729 1373 1798 1404 re-

99 1421 206 1465 licto
249 1433 345 1464 non
382 1420 478 1464 nisi
515 1420 658 1464 trium
702 1420 845 1464 wnius
890 1420 1078 1465 ultimae
1123 1421 1270 1464 lineae
1314 1424 1589 1476 quartarum
1631 1420 1794 1476 spatio.

98 1482 351 1536 sequuntur
381 1479 473 1523 duo
502 1479 622 1534 folia
653 1480 717 1535 (Ρ.
741 1482 908 1524 ,209
849 1482 1001 1534 12)
1030 1479 1204 1534 formae
1226 1481 1374 1535 paulo
1396 1479 1587 1524 maioris
1610 1479 1668 1523 ab
1696 1479 1798 1534 ipso

102 1538 254 1583 Cassii
283 1538 434 1583 codice
463 1551 559 1582 non
589 1537 743 1582 minus
774 1537 930 1582 aliena
959 1552 1098 1594 quam
1127 1538 1209 1595 qui
1240 1542 1345 1582 ante
1377 1538 1587 1583 Cassium
1609 1539 1663 1592 (s.
1692 1537 1798 1592 XI)

98 1611 225 1642 nwnc
261 1598 451 1642 habetur
491 1600 752 1653 compactus
791 1595 1029 1652 Sulpicius
1069 1597 1261 1654 Severus
1300 1602 1342 1641 et
1378 1598 1531 1652 forma
1573 1600 1615 1640 et
1653 1600 1798 1640 aetate

99 1657 247 1701 maior
277 1658 332 1710 (s.
365 1655 486 1712 IX).
540 1659 648 1712 post
684 1655 1017 1713 palpebrarum
1056 1650 1308 1713 sequuntur
1345 1657 1399 1700 in
1431 1656 1798 1711 Cantabriyiano

100 1729 217 1772 quae
263 1730 294 1759 a
334 1713 490 1759 cassio
528 1715 743 1759 videntur
781 1715 936 1758 aliena
981 1728 1071 1759 esse
1119 1716 1217 1759 sine
1254 1715 1623 1771 interpunctione
1666 1715 1793 1758 haec:

101 1773 287 1819 ciente
353 1772 560 1818 .sufficit
590 1775 704 1828 (huc
725 1786 865 1829 usque
887 1774 1024 1817 etiam
1053 1774 1107 1816 in
1136 1773 1388 1828 Parisino).
1449 1773 1524 1816 Ad
1557 1772 1797 1818 oculorum

103 1832 391 1890 sanguinem.
466 1846 627 1876 sucum
666 1833 770 1875 rute
811 1831 970 1876 cimini
1015 1832 1257 1889 pulverem
1303 1832 1525 1876 albumen
1563 1831 1642 1876 ovi
1679 1834 1798 1875 tem

102 1905 218 1947 pera.
262 1894 310 1936 et
347 1904 609 1957 superpone
647 1889 709 1934 ad
746 1889 874 1934 idem
911 1890 1141 1935 masticen
1179 1890 1418 1948 fenugreci
1447 1904 1552 1935 rose
1583 1889 1703 1935 sicce
1735 1890 1798 1934 ci-

102 1964 284 1994 marum
321 1949 426 1993 rubi
470 1948 568 1993 licii
608 1949 793 2006 equalia
838 1944 1048 2006 pondera.
1093 1949 1378 2007 distempera
1426 1963 1532 1993 cum
1578 1962 1702 2006 aqua
1740 1948 1797 1993 de

101 2022 211 2054 rosa
252 2008 328 2053 fac
365 2007 686 2065 magdaliones
728 2010 777 2052 et
808 2007 931 2053 sicca.
962 2008 1048 2053 sub
1086 2008 1254 2053 umbra
1290 2009 1456 2066 postea
1494 2009 1596 2053 tere
1635 2009 1683 2052 et
1718 2007 1800 2065 ipa.

101 2067 298 2124 (ipopia)
329 2081 435 2112 cum
465 2067 657 2124 pulvere
687 2066 823 2123 pel'e.
894 2068 1069 2112 Iterum
1100 2068 1249 2125 guttis
1281 2081 1416 2112 cerne
1446 2068 1660 2124 tempera
1691 2080 1799 2110 cum

100 2126 242 2170 melle
289 2127 338 2170 et
383 2126 485 2170 oleo
533 2127 582 2170 et
631 2139 903 2183 superpone.
973 2127 1048 2170 Ad
1095 2127 1336 2171 oculorum
1380 2126 1578 2171 maculis
1621 2127 1797 2169 stercus

103 2183 230 2230 corvi
269 2186 353 2229 aut
396 2185 462 2229 fel
506 2184 704 2228 miscum
751 2198 857 2228 cum
901 2185 1042 2230 melle
1082 2187 1131 2230 et
1168 2186 1267 2230 sine
1305 2185 1433 2230 fumo
1473 2186 1523 2229 et
1560 2184 1610 2228 in
1651 2183 1796 2228 oculis

102 2244 446 2300 superpositum
477 2243 688 2288 maculas
721 2243 858 2288 citius
890 2247 1038 2289 sanat.
1051 2270 1058 2275 ·
1100 2245 1175 2324 Ald
1206 2245 1368 2290 oculos
1403 2243 1485 2301 qui
1514 2256 1607 2288 non
1637 2242 1799 2287 vident

100 2315 256 2373 pullos
285 2316 561 2374 hyrundinis
594 2330 699 2361 cum
723 2330 812 2361 acu
835 2316 1015 2373 cipi-ina
1044 2303 1254 2374 (cipna)
1240 2334 1289 2362 ιιι
1311 2317 1476 2362 nidum
1500 2316 1594 2361 suis
1616 2316 1796 2361 cecabis

103 2375 343 2443 signabisq
343 2390 401 2421 ue
442 2390 520 2421 eos
559 2377 615 2420 ut
655 2389 903 2433 cognoscas
934 2378 982 2420 et
1019 2380 1129 2432 post
1172 2379 1373 2434 quatuor
1403 2376 1503 2420 dies
1535 2389 1641 2420 cum
1670 2375 1797 2419 vide-

100 2433 196 2479 rint
221 2436 228 2490 Ι
257 2435 308 2490 (f.
335 2436 411 2492 71)
450 2434 662 2502 precidas
695 2448 854 2479 eorum
885 2435 1042 2492 capita
1072 2449 1178 2480 cum
1216 2435 1293 2480 fici
1331 2434 1523 2480 cultello
1561 2448 1701 2490 quem
1729 2446 1798 2477 re-

100 2507 244 2550 pones
284 2493 334 2538 in
375 2494 467 2538 ficu
508 2493 666 2551 capita
702 2507 814 2539 vero
851 2493 1028 2538 incedis
1070 2495 1118 2538 et
1153 2495 1346 2552 pulvere
1383 2494 1510 2539 facto
1558 2493 1608 2536 in
1653 2491 1798 2537 oculis

102 2551 303 2597 stillabis
341 2554 553 2610 protinus
582 2552 735 2597 visum
779 2551 1000 2599 restituit.
1060 2510 1184 2611 (Seq
1210 2568 1309 2611 σαΡ.
1342 2557 1439 2610 30.)
1617 2554 1643 2594 5
1674 2554 1735 2595 0-0
1759 2563 1799 2604 c,

105 2641 157 2675 ce
188 2626 236 2682 (i.
269 2641 303 2671 e.
342 2640 444 2672 cere
466 2640 558 2684 Ρνο
590 2642 643 2672 cc
678 2626 908 2683 =croci)
939 2641 991 2683 Ρ.
1113 2633 1140 2673 6
1171 2627 1287 2673 mire
1332 2641 1400 2683 cp.
1521 2638 1593 2669 an.
1624 2627 1654 2675 5
1684 2622 1719 2669 I.
1743 2636 1796 2679 Ρ.

105 2693 270 2774 opii}
242 2728 282 2746 -.
313 2700 336 2744 I
364 2701 471 2757 (sic)
486 2716 538 2758 Ρ.
661 2700 822 2744 cimini
837 2714 888 2757 Ρ,
922 2714 1033 2745 cimi
1057 2713 1094 2745 c.
1217 2706 1241 2744 7
1266 2713 1388 2756 aqua
1411 2712 1447 2743 c.
1569 2697 1700 2744 suffic
1727 2710 1796 2752 cp

107 2780 134 2820 8
167 2788 224 2818 ex
242 2740 445 2818 naribus
482 2787 526 2818 c:
567 2787 638 2818 om
670 2787 708 2830 Ρ
753 2773 845 2830 (Ad
881 2773 1064 2818 narium
1103 2773 1341 2830 sanguinis
1380 2772 1554 2816 fluxum
1592 2770 1689 2815 ind.
1725 2772 1795 2825 Ρ).

109 2840 135 2878 9
168 2832 472 2877 distillatione
505 2846 528 2877 c
557 2833 740 2888 (Petra)
774 2832 1136 2877 destinationem
1160 2846 1210 2888 Ρ.
