2004 3186
0 304 11 308 -
77 262 332 309 torridum
378 263 450 308 sal
495 268 566 308 28.
616 266 688 307 53.

721 145 1123 199 -257—

769 261 882 306 salis

106 322 350 367 torrefacti
387 327 459 366 31.
501 326 571 367 66.
639 321 882 366 torrefacti

106 381 220 425 nitri
268 386 323 426 76
354 381 445 438 (cf.
492 380 647 425 Diose.
697 384 745 437 5,
795 383 879 424 128

106 442 255 496 extr).

76 498 237 544 tortio
260 499 330 556 (in
346 498 459 554 ileo)
482 497 647 543 similis
669 499 878 543 torturae

107 558 387 602 chordarum
420 562 489 602 51.

76 617 246 662 tortus
276 617 451 661 ventris
484 621 555 660 51.

76 675 242 721 totus:
274 675 323 719 in
346 677 448 720 toto
473 679 544 719 24.
592 688 648 719 ex
672 675 774 719 toto
806 679 877 719 46.

106 739 178 778 54.
233 740 303 779 67.
375 749 460 791 per
512 735 665 779 totum
727 735 879 789 (crura

106 794 344 850 scarifare)
369 798 438 838 75.
465 798 534 838 76.
567 793 701 837 dabis
723 794 878 837 totum

104 851 264 897 bibere
296 856 368 898 51.

74 911 393 956 traetuosus=
419 911 646 955 saniolam
672 912 877 956 traci-‚uo-

104 984 206 1015 sam
236 971 314 1015 vel
343 969 575 1015 viscosam
610 976 679 1015 19.

73 1043 283 1090 tubulus
305 1043 505 1089 folliculi
535 1045 723 1102 (tubulo
747 1044 776 1090 i.
803 1058 878 1089 ex-

103 1103 360 1148 sufflatorio
391 1104 522 1160 yloss.
549 1105 604 1160 p)
637 1108 708 1148 51.

73 1177 254 1222 tunsus
287 1202 342 1209 —
373 1178 465 1222 vid.
499 1177 731 1222 obtunsio.

72 1250 331 1296 turbiscus
365 1256 420 1295 76
459 1251 568 1307 (vid.
607 1251 706 1297 ind.
737 1265 806 1309 qr.
838 1264 874 1296 s.

103 1306 307 1366 κόκκος).

70 1368 302 1414 turinnes
326 1369 555 1424 (κλῶνες);
580 1368 686 1412 rubi
701 1367 873 1412 virides

101 1428 250 1482 (—dis
288 1430 392 1485 qcp)
431 1427 638 1471 turinnes
682 1425 767 1485 <id
804 1428 876 1470 est

101 1486 248 1531 cimae
286 1485 371 1543 9⁶>
411 1491 450 1530 2.
520 1485 627 1530 rubi
663 1485 873 1530 tui-iones

99 1545 271 1590 virides
307 1550 377 1589 32.
440 1544 732 1589 summitates
769 1544 873 1588 rubi

101 1618 218 1659 quas
263 1604 406 1660 vulgo
453 1603 660 1647 turiones
701 1604 874 1646 vocant

100 1666 170 1706 48.
225 1661 449 1705 absinthii
478 1660 640 1704 viridis
665 1660 872 1704 turiones

100 1721 302 1765 minores
316 1721 390 1776 (=
404 1733 587 1763 comam
598 1719 630 1763 i.
645 1732 679 1762 e.
699 1720 871 1775 cymas)

102 1784 171 1824 76.
219 1778 549 1824 lenticularum
571 1778 779 1822 turiones
804 1777 871 1821 vi-

98 1838 223 1883 rides
255 1842 324 1883 82.

68 1898 260 1942 tussem
296 1910 326 1954 9
358 1895 524 1954 (—sim
554 1897 627 1952 cp)
663 1899 718 1940 33
752 1895 871 1950 (tia).

101 1961 173 2002 34.
204 1961 274 2001 41.
330 1956 407 2000 sed
437 1954 605 1999 tussim
634 1967 664 2011 9
695 1954 872 2010 (—-sem

70 2074 318 2120 tussicula
349 2075 424 2130 (=
455 2072 620 2128 tussia,
652 2075 704 2116 ut
734 2071 871 2116 febri-

101 2134 207 2178 cula
231 2138 288 2177 40
311 2135 409 2189 etc.)
434 2136 505 2176 34.
539 2136 608 2175 39.
642 2136 714 2176 40.
766 2144 872 2174 cum

99 2192 284 2250 ingenti
343 2190 568 2237 tussicula
630 2195 701 2235 39.
789 2202 873 2246 per

99 2251 290 2309 longam
319 2250 595 2296 tussiculam
625 2253 695 2293 40.
742 2250 870 2305 plur.

100 2311 355 2355 tussiculae
388 2315 458 2355 72.

71 2383 400 2429 tussicularia
445 2385 518 2439 (=
575 2378 762 2442 βηχικά)
815 2387 872 2427 66

102 2442 178 2499 (cf.
214 2441 364 2498 Cael).

71 2501 241 2546 tutare
258 2502 340 2555 (sic
351 2514 419 2558 qe,
435 2500 517 2545 ubi
525 2499 690 2545 tubare
702 2513 873 2556 semper

94 2562 175 2616 pl)
205 2560 311 2604 loca
334 2559 564 2617 patientia
588 2559 740 2616 (molli
761 2559 872 2604 lana

101 2621 213 2675 eta).
254 2624 325 2664 28.
365 2624 435 2663 34.
476 2624 546 2663 38.
587 2623 658 2663 42.
693 2623 764 2663 47.
798 2623 868 2663 51.

101 2682 172 2722 58.
207 2683 276 2722 66.
311 2682 379 2723 75.
415 2683 484 2722 76.

71 2735 160 2780 ubi
177 2739 251 2792 (=
270 2750 357 2793 quo
379 2738 436 2791 cf.
455 2735 638 2781 Romen
656 2737 720 2781 It.
738 2738 870 2792 408):

101 2797 348 2899 gsqzedail
387 2796 542 2899 leggum
573 2796 654 2840 ubi
684 2796 871 2840 descen-

135 2868 199 2898 en
285 2869 311 2899 o
334 2869 385 2899 or
477 2890 484 2898 .

161 2935 355 2970 Cassius
380 2937 539 2978 Felix,
563 2936 619 2971 ed.
645 2937 690 2970 V.
713 2936 823 2970 Rose.

973 261 1104 306 unde
1135 265 1210 318 (τι
1233 277 1371 319 quam
1400 265 1455 309 ob
1487 266 1619 322 rem):
1652 267 1774 311 unde

1002 321 1232 366 admoneo
1255 323 1355 378 prs.

970 391 1196 434 unguere
1255 383 1370 439 ρῳ),
1431 396 1608 440 ungere
1653 385 1774 440 p(e):

999 453 1261 497 perungues
1293 454 1323 497 y
1354 446 1424 487 38.
1457 446 1512 486 41
1556 443 1624 498 (ut
1654 456 1678 486 c
1701 447 1772 487 42.

1003 502 1073 542 53.
1101 503 1170 543 61.
1203 513 1432 557 perunges
1459 514 1489 558 9
1513 506 1583 545 21.
1615 505 1672 545 42
1705 503 1775 558 (ut

998 570 1169 613 semper
1193 559 1260 614 p).
1308 558 1522 616 inungeS,
1545 560 1720 617 inunge
1742 574 1773 618 9

1000 621 1056 660 29
1090 617 1190 670 (ubi
1218 616 1448 675 inungues
1482 621 1521 674 c)
1552 623 1630 664 etc.

969 675 1169 720 urinam
1189 676 1433 721 excludere
1457 698 1514 745 ᾗ
1537 678 1772 736 explicare

969 738 1770 841 u-ringffgeffie-lgssengss-teffrissgiis

998 855 1180 897 meatus
1213 858 1284 897 46.

968 923 1152 967 usque:
1200 914 1412 956 ventrem
1460 913 1544 957 sub
1583 913 1770 958 umbili-

999 984 1104 1015 cum
1143 972 1275 1028 (-co
1307 984 1354 1026 c,
1397 976 1512 1016 —cu
1535 974 1590 1028 p)
1624 985 1770 1028 usque

999 1030 1237 1086 cooperies
1263 1035 1318 1074 72
1344 1030 1418 1085 (cf.
1445 1044 1582 1087 super
1607 1057 1662 1063 —
1685 1031 1770 1074 sub

991 1102 1028 1144 p
1055 1114 1108 1120 —
1134 1089 1410 1133 umbilicum
1433 1089 1654 1145 imposita
1680 1092 1768 1145 72).

965 1147 1185 1193 usualisz
1218 1147 1632 1192 exercitationibus
1663 1162 1769 1191 usu-

995 1206 1147 1250 alibus
1182 1211 1252 1251 55.

965 1266 1023 1310 ut
1039 1265 1163 1321 quod
1181 1266 1290 1321 (pro
1298 1265 1348 1308 id
1358 1264 1501 1320 quod)
1511 1263 1769 1321 antispasin

994 1325 1166 1368 vocant
1196 1337 1250 1379 cp
1284 1328 1310 1368 6
1345 1356 1354 1367 .

965 1381 1249 1427 utriculosa
1358 1380 1483 1425 assio
1560 1376 1770 1437 (ἄσκίτης

995 1436 1181 1497 ὕδρωψ)
1216 1445 1286 1486 76.
1333 1439 1561 1484 utriculus
1593 1441 1653 1485 ib.

964 1511 1061 1545 uva
1091 1499 1269 1556 lupina
1300 1500 1370 1555 (ut
1394 1499 1527 1569 agria
1552 1499 1768 1555 staphyle

992 1559 1136 1613 Apul.
1163 1563 1220 1601 74
1244 1578 1300 1594 =
1325 1560 1566 1612 στρυχνος)
1590 1562 1661 1600 24.
1707 1558 1766 1612 cf.

993 1616 1105 1661 Sim.
1158 1615 1269 1659 Jan.
1325 1628 1360 1658 s.
1416 1614 1652 1670 „strignus
1679 1650 1688 1658 .
1716 1648 1726 1657 .
1754 1650 1763 1660 .

992 1674 1186 1718 vocatur
1214 1687 1307 1717 uva
1334 1672 1488 1728 vulpis
1520 1672 1580 1716 ab
1611 1673 1766 1716 arabis

994 1734 1042 1776 et
1079 1745 1171 1776 uva
1208 1731 1370 1787 lupina
1410 1730 1553 1773 etiam
1592 1730 1766 1775 dicitur

991 1790 1188 1835 morella
1215 1790 1292 1834 vel
1322 1789 1549 1832 maurella
1579 1791 1627 1833 et
1657 1788 1763 1832 aliis

993 1849 1151 1894 multis
1164 1848 1426 1893 nominibus
1446 1861 1475 1891 a
1491 1847 1759 1903 vulgaribus

991 1923 1075 1965 per
1098 1908 1305 1952 diversas
1330 1908 1486 1964 partes
1510 1906 1762 1950 secundum

990 1968 1286 2024 ydyomata“.
1342 1966 1477 2022 (facit
1517 1966 1579 2009 ad
1615 1966 1762 2021 iyne‘m

991 2040 1172 2071 sacrum
1220 2024 1377 2069 Cassio
1422 2028 1475 2068 ut
1519 2024 1675 2068 Diosc.
1719 2027 1762 2078 4,

992 2090 1048 2130 71
1083 2089 1123 2130 et
1158 2085 1199 2128 T
1197 2086 1238 2130 h.
1276 2084 1424 2128 Prisc.
1458 2087 1502 2137 1,
1531 2084 1628 2138 21.)
1671 2097 1762 2126 uva

992 2144 1155 2201 lupina
1196 2148 1238 2187 et
1279 2143 1407 2199 apud
1448 2142 1581 2186 Alex.
1631 2154 1759 2197 „cap

993 2204 1050 2248 de
1105 2202 1356 2259 cephalea“
1411 2203 1482 2257 (ut
1526 2201 1601 2245 cit.
1649 2200 1761 2244 Sim.

993 2263 1107 2307 Ja‘n.
1141 2275 1176 2306 ε.
1209 2275 1301 2306 uva
1332 2260 1517 2317 vulpis).

963 2332 1266 2378 vaporosusz
1284 2334 1339 2365 ex
1355 2319 1522 2376 spiritu
1534 2331 1762 2375 vaporoso

991 2383 1068 2437 (==
1108 2376 1161 2425 ἔκ
1209 2375 1477 2435 πνεύματος
1516 2373 1761 2434 ἀτμώδους

993 2440 1098 2484 Gal.
1133 2439 1232 2492 XI,
1263 2439 1368 2494 101)
1403 2441 1472 2481 75.

963 2498 1241 2544 variolatus
1266 2498 1337 2554 (ut
1359 2495 1622 2552 pustulatus
1640 2493 1758 2539 Cael.

983 2573 1034 2615 p.
1068 2559 1176 2613 553)
1211 2561 1282 2601 22.
1329 2557 1385 2610 cf.
1421 2555 1572 2599 adnot.

962 2629 1081 2663 vasa
1111 2621 1182 2660 42.
1231 2616 1319 2659 abl.
1345 2627 1453 2658 vase
1477 2627 1536 2670 yp
1561 2617 1632 2656 40.
1657 2616 1727 2655 42.

961 2676 1135 2722 Venire
1151 2674 1200 2719 in
1211 2672 1563 2718 similitudinem
1581 2670 1678 2715 vini
1688 2675 1759 2714 29.

962 2736 1163 2780 venter:
1212 2733 1252 2777 si
1299 2733 1460 2777 venter
1498 2731 1580 2784 (sie
1626 2730 1760 2786 leym,

991 2807 1086 2838 tnon
1117 2794 1341 2845 ventrem,
1373 2794 1427 2834 ut
1451 2790 1585 2846 vulyo
1611 2788 1758 2842 codd.)

991 2867 1083 2897 non
1115 2850 1277 2896 fecerit
1305 2850 1453 2906 (·rint)
1486 2853 1556 2892 22.
1590 2852 1659 2892 33.
1686 2851 1756 2891 36.

1438 2927 1490 2966 17
