2004 3186
847 98 1247 151 —216—
1628 97 1653 122 ⁸

223 213 410 259 iecore.
475 212 685 259 ‚duritia
708 214 849 269 atque
875 212 994 258 saxi-

223 274 347 328 tate,
386 286 527 328 quam
559 270 778 316 8011108111
807 273 993 318 vocant.

194 307 640 386 σκοτωματικός·
654 331 996 376 adtenebrosos

223 389 994 516 81111111111188111

221 509 332 553 ante
364 507 523 553 oculos
561 506 777 552 tenebras
807 508 992 564 patiun-

223 567 301 611 tur
334 571 402 611 71.

194 621 516 679 σταλτικόςε
549 623 815 670 cucurbitas
843 624 994 670 stalti-

222 698 300 728 cas
338 684 388 728 id
427 686 498 728 est
543 683 891 729 constrictorias
923 689 994 729 33.

221 748 277 787 47
310 743 386 799 (cf.
421 741 541 789 Cael.
572 743 691 787 Aur.
724 743 815 788 chr.
842 748 883 798 2,
910 747 995 788 103

222 801 511 847 cucurbitam
611 801 994 858 constrictivam).

223 859 424 906 stalticis
462 860 513 904 id
551 862 624 906 est
657 860 993 906 constrictoriis

223 924 292 964 72.
365 919 422 974 cf.
456 918 571 964 Sim.
609 932 645 965 s.
684 934 727 964 v.
752 952 763 963 .
790 955 800 965 .
829 953 839 962 .
868 918 990 964 Cass.

219 978 297 1022 Fe.
355 977 564 1035 capitulo
618 978 713 1035 (33)
768 978 826 1023 de
874 977 993 1023 tussi

220 1036 432 1081 humida:
475 1036 686 1082 stalticas
719 1036 855 1082 Greci
888 1051 991 1083 con-

222 1095 455 1140 strictivas
486 1098 671 1141 vocant.

190 1149 474 1212 σταφυλὴε
504 1154 675 1212 stafyle
701 1154 870 1211 (stafile
892 1156 939 1212 9)
963 1168 993 1199 a

221 1213 885 1280 61800188111181181111μ1118111
906 1227 992 1258 nos

220 1286 362 1316 uvam
395 1271 589 1317 dicimus
622 1277 693 1319 35.

191 1328 387 1390 στέαρε
447 1331 605 1375 unde.
671 1332 992 1376 ,steatomata

220 1392 460 1436 vocantur.
492 1404 602 1434 nam
619 1389 786 1435 Graeci
803 1390 991 1447 adipem

222 1450 345 1493 stear
377 1448 539 1493 dicunt
570 1454 640 1493 27.

191 1504 443 1565 στερεόςε
465 1508 672 1552 ciborum
696 1503 944 1564 qualitas
920 1541 929 1551 .
950 1542 959 1551 .
978 1542 989 1553 .

221 1568 408 1622 oportet
447 1580 546 1611 esse
579 1566 703 1611 sicca
733 1566 809 1610 vel
842 1565 992 1611 solida

222 1627 304 1669 aut
327 1625 625 1682 corpulenta,
658 1638 798 1681 quam
827 1623 992 1668 Graeci

221 1686 406 1728 sterean
437 1685 607 1740 (sterea
643 1684 790 1740 codd.)
822 1685 994 1728 vocant

190 1801 421 1855 στίγματ
491 1801 716 1859 stigmata
776 1799 993 1845 dicuntur

221 1861 511 1905 characteres
565 1860 817 1916 nominati,
875 1874 991 1917 quos

220 1918 527 1963 militantium
557 1934 722 1964 manus
751 1919 829 1964 vel
859 1918 991 1963 femi-

217 1991 384 2022 narum
393 1978 661 2022 Maurarum
673 1978 829 2023 vultus
843 1979 992 2023 osten-

219 2036 290 2080 dit
317 2041 384 2082 13.
426 2038 483 2092 cf.
502 2036 612 2082 Sim.
631 2051 665 2082 s.
682 2051 724 2081 v.
825 2036 990 2081 ..Cass

219 2095 297 2140 Fe.
331 2096 554 2165 stigmata
585 2072 838 2141 cicatrices.

191 2151 529 2211 στοματικὴε
570 2154 800 2202 confectio
838 2154 991 2208 oralis,

221 2225 363 2268 quam
395 2212 562 2258 Graeci
606 2212 882 2258 stomaticen
913 2226 991 2258 vo-

222 2273 331 2316 cant
362 2277 433 2316 36.

192 2330 700 2387 στρογγυλοτομίαι
746 2329 993 2376 rotundam

223 2388 508 2446 (incisuram)
603 2403 743 2445 quam
828 2388 994 2433 Graeci

221 2448 644 2517 strongylotomian
674 2449 847 2493 vocant
879 2452 947 2492 18.

192 2503 458 2564 στρόφοςε
496 2507 559 2551 ad
599 2506 796 2551 strofum
833 2505 884 2551 id
924 2508 996 2551 est

220 2567 398 2609 tortum
428 2566 603 2611 ventris
636 2570 705 2611 50.

192 2620 465 2682 συγκοπὴ·
506 2623 740 2681 aliquanti
764 2659 774 2669 .
802 2661 811 2670 .
839 2658 849 2669 .
874 2625 994 2669 hanc

219 2682 482 2738 passionem
546 2682 848 2740 (cardiacam)
904 2684 994 2728 sin-

221 2754 367 2797 copen
412 2742 770 2799 appellaverunt
818 2741 869 2786 id
925 2745 995 2786 est

219 2800 592 2856 amputationem
636 2806 705 2846 64.
768 2802 826 2856 cf.
859 2801 990 2847 Alex.

1117 218 1166 270 3,
1198 218 1254 259 21
1287 213 1487 280 quedam
1524 214 1655 260 ruine
1695 216 1886 263 virtutis

1116 285 1232 329 quas
1278 285 1406 330 greci
1452 271 1668 330 sincopas
1715 278 1884 321 vocant

1117 332 1199 388 (sic
1228 332 1365 377 etiam
1393 330 1664 378 Guinterius
1693 335 1884 379 retinuit

1113 390 1168 435 in
1188 391 1391 436 versione
1413 403 1501 435 sua
1522 404 1639 448 quae
1654 393 1718 437 ad
1739 406 1882 439 exem-

1105 449 1219 507 plar
1259 450 1419 494 veteris
1458 450 1631 496 latinae
1663 451 1791 505 faeta
1819 456 1885 497 est

1114 508 1181 553 ed.
1212 507 1325 553 Bas.
1362 512 1475 576 1356
1501 522 1553 565 p.
1587 509 1705 564 697).

1087 563 1436 638 συγκριτικός
1489 593 1546 601 -—
1599 568 1690 614 vid.
1746 584 1883 626 μετα-

1116 622 1422 694 συγκριτικός.

1086 679 1351 738 σύκωσιςε
1392 685 1453 729 8(1
1491 685 1676 742 sycosin
1707 686 1886 743 (palpe-

1113 743 1319 800 brarum)
1360 757 1500 799 quam
1537 757 1622 788 1108
1659 744 1886 789 ficitatem

1115 801 1311 847 dicimus
1327 837 1339 858 ‚
1416 802 1454 846 si
1457 802 1646 859 quidem
1723 802 1890 848 similis

1114 860 1272 919 granis
1311 860 1389 905 fici
1430 861 1480 905 111
1517 861 1755 919 palpebris
1784 876 1886 908 ver-

1111 919 1224 964 satis
1264 920 1495 976 asperitas
1535 920 1796 977 reperiatur
1828 925 1887 965 29

1114 979 1189 1034 (ef.
1230 979 1458 1024 Demosth.
1498 993 1574 1036 ap.
1614 979 1727 1025 Sim.
1759 993 1796 1025 s.
1827 979 1888 1024 si-

1113 1037 1263 1106 cosis).
1305 1063 1360 1070 —
1402 1036 1593 1082 sicotice
1635 1039 1780 1094 (med.)
1815 1043 1885 1083 74.

1083 1092 1424 1151 σύμπασμαε
1465 1095 1767 1154 simpasmate
1797 1096 1887 1141 tali

1113 1154 1184 1199 uti
1227 1156 1447 1212 oportet.
1511 1155 1792 1201 .cribellata
1836 1155 1888 1200 in

1112 1214 1283 1259 balneo
1331 1214 1624 1271 aspergenda
1667 1220 1691 1258 6
1734 1217 1797 1270 (7.
1843 1219 1885 1260 8.

1115 1274 1202 1328 76).
1250 1273 1306 1327 cf.
1336 1271 1454 1318 Cael.
1481 1273 1598 1318 Aur.
1625 1286 1698 1318 ooe.
1724 1278 1766 1330 2,
1798 1277 1887 1319 218

1114 1332 1225 1388 (chr.
1258 1337 1302 1386 3,
1334 1337 1404 1376 93.
1461 1336 1510 1388 5,
1542 1337 1613 1377 39.
1647 1334 1722 1388 76)
1766 1347 1886 1389 sym-

1112 1390 1404 1447 pasmatibus
1430 1392 1617 1436 utentes
1649 1405 1768 1447 quae
1798 1404 1887 1437 nos

1112 1448 1383 1506 aspergines
1417 1448 1684 1495 dixerimus.

1083 1503 1503 1563 συμπεπτικόνε
1575 1507 1887 1566 simpepticon

1111 1566 1505 1611 medicamentum
1558 1567 1607 1611 id
1657 1568 1731 1612 est
1777 1581 1887 1612 con-

1113 1624 1420 1694 digestorium
1458 1630 1527 1670 42.

1083 1680 1505 1738 σύμπτωματαε
1521 1683 1887 1740 quaeaGraecis

1114 1742 1420 1799 simptomata
1451 1743 1762 1800 appellantur,
1801 1757 1886 1788 nos

1111 1816 1223 1847 vero
1272 1801 1535 1846 accidentia
1589 1801 1785 1846 dicimus
1832 1804 1888 1857 (0,

1111 1862 1179 1906 vel
1199 1859 1354 1905 dicere
1378 1860 1634 1917 poterimus
1646 1862 1702 1918 p)
1723 1865 1792 1906 46.
1826 1862 1885 1916 cf.

1115 1919 1162 1965 Ο.
1187 1920 1248 1964 Α.
1274 1920 1366 1964 chr.
1383 1925 1426 1975 4,
1453 1923 1507 1963 14
1532 1922 1795 1976 symptoma
1814 1955 1823 1964 .
1843 1954 1854 1965 .
1875 1953 1886 1962 .

1112 1979 1238 2035 quod
1262 1992 1346 2023 nos
1374 1978 1587 2023 accidens
1618 1977 1771 2023 dicere
1802 1992 1884 2035 po-

1111 2037 1319 2082 terimus
1388 2043 1439 2094 3,
1488 2043 1571 2082 131
1620 2037 1887 2082 accidentia

1111 2096 1382 2154 passionum
1413 2109 1532 2152 quae
1565 2095 1729 2141 Graeci
1761 2111 1884 2152 sym-

1111 2156 1326 2212 ptomata
1364 2156 1547 2200 vocant.
1611 2169 1684 2200 ox.
1726 2160 1774 2208 1,
1814 2160 1884 2200 71.

1113 2218 1156 2269 2,
1188 2219 1247 2259 30
1278 2218 1355 2258 etc.

1084 2270 1418 2330 συναγχικός
1443 2298 1496 2304 -
1523 2272 1613 2316 vid.
1631 2285 1666 2317 s.
1689 2267 1885 2329 ἀγχόνη.

1084 2331 1345 2388 συνεχὴςτ
1402 2345 1512 2375 118111
1559 2330 1726 2375 Graeci
1776 2344 1885 2376 con-

1113 2389 1296 2435 tinuam
1380 2388 1720 2446 (spirationem)
1807 2389 1886 2435 vel

1113 2449 1271 2516 iugem
1334 2448 1491 2505 syneci
1544 2448 1756 2504 (sinecim
1808 2462 1886 2505 91),

1117 2507 1319 2552 sinecem
1373 2507 1486 2553 Sim.
1539 2520 1574 2552 s.
1631 2506 1885 2563 sinanchis)

1115 2566 1357 2623 appellant
1387 2572 1457 2612 37.

1085 2624 1345 2682 σύνοχοςε
1381 2626 1441 2670 ad
1466 2625 1624 2683 iugem
1655 2624 1752 2670 sive
1776 2637 1884 2669 con-

1113 2684 1295 2730 tinuam
1333 2685 1512 2730 febrem
1545 2685 1686 2741 qua'm
1718 2682 1884 2728 Graeci

1114 2743 1304 2788 sinocon
1336 2744 1497 2788 dicunt
1527 2748 1596 2787 61.

1084 2798 1303 2861 σύριγξι
1342 2801 1520 2847 fistulas
1553 2801 1717 2847 Graeci
1748 2799 1883 2845 sirin-
