2004 3186
841 111 1204 164 *42-

182 241 225 283 2.
261 235 345 297 Vl,
385 248 585 300 spumae
625 234 815 298 argenti
856 236 897 278 2.
936 231 1049 298 1111,
1089 247 1318 282 cerussae
1361 236 1402 278 2.
1433 232 1476 281 11
1484 272 1499 298 ,
1539 232 1634 282 olei
1672 235 1863 283 rosacei

180 307 263 359 lib.
303 309 339 376 1,
377 322 499 357 uvae
545 307 741 371 lupinae
781 309 822 351 7-
861 304 983 355 VIII.
1054 305 1147 355 hoc
1193 306 1607 355 medicamentum
1657 306 1774 356 facit
1811 314 1862 356 et

181 383 241 432 ad
281 382 510 447 herpetas
549 380 641 429 hoc
681 386 757 429 est
797 379 1128 444 serpusculoS.

731 539 871 589 XXV.
934 540 1013 589 Ad
1053 555 1316 590 araneas,

137 655 157 686 5
328 646 543 694 Araneas
583 644 757 693 Graeci
795 659 822 692 a
861 643 1103 708 serpendo
1152 643 1282 708 quod
1329 643 1505 708 herpin
1545 643 1717 693 dicunt
1754 643 1866 694 her-

179 727 317 784 petas
350 719 542 785 dicunt,
582 733 671 766 nos
702 732 819 766 vero
854 715 1079 766 similiter
1110 716 1259 766 latino
1293 732 1521 766 sermone
1554 719 1683 767 sicut
1714 732 1865 782 supra

29 784 157 843 12'520
181 792 392 842 diximus
439 808 465 841 a
514 790 756 857 serpendo
798 789 1113 854 serpusculos
1160 792 1486 841 nominamus
1523 787 1530 856 Ι
1565 797 1614 840 et
1653 790 1867 840 efficitur

181 865 272 916 sub
333 868 522 930 ingenti
582 865 809 913 acredine
873 878 928 912 ac
983 863 1145 913 calore
1207 863 1333 913 fellis
1388 879 1500 913 cum
1554 862 1866 929 pustularum

180 940 709 1004 superinsurrectione.
795 943 870 986 est
923 943 973 985 et
1026 936 1155 986 aliud
1209 952 1365 1003 genus
1419 937 1662 1004 herpetiS‚
1718 953 1866 1002 quem

43 1052 48 1055 .
114 1022 155 1054 10
181 1012 353 1063 Graeci
408 1011 662 1061 cenchrias
716 1016 914 1077 vocant,
968 1011 1011 1059 si
1066 1010 1263 1075 quidem
1319 1013 1369 1059 in
1424 1012 1684 1076 superficie
1737 1013 1866 1060 cutis

178 1085 401 1150 pustulas
441 1087 655 1134 minutas
687 1083 821 1133 milio
854 1082 1038 1133 similes
1070 1084 1307 1134 ostendit:
1348 1099 1493 1149 quam
1528 1084 1688 1134 Latini
1720 1085 1864 1149 vulgo

179 1173 406 1208 araneam
445 1160 690 1207 Verrinam
729 1163 917 1206 vocant.

324 1234 376 1281 in
431 1230 768 1281 curationibus
823 1238 987 1280 autem
1043 1230 1267 1280 similiter
1322 1237 1377 1280 ut
1432 1231 1721 1296 erysipelata
1784 1246 1864 1280 su·

177 1306 346 1370 perius
386 1304 597 1354 curabis,

57 1495 61 1498 .
114 1445 156 1477 15
725 1436 889 1486 XXVI.
951 1437 1031 1485 Ad
1072 1438 1316 1487 scrofas,

329 1540 525 1589 Scrofas
596 1539 769 1588 Graeci
839 1539 1063 1589 chiradas
1131 1547 1309 1590 vocant
1369 1539 1575 1589 duritias
1648 1539 1863 1589 rotundo

180 1614 426 1663 schemate
474 1620 612 1663 natas
660 1620 710 1662 et
755 1615 919 1662 nervis
972 1620 1119 1678 atque
1167 1615 1362 1663 arteriis
1400 1615 1539 1662 venis
1578 1619 1628 1662 et
1666 1628 1862 1663 muscu-

178 1687 295 1736 losis
334 1686 633 1736 membranis
673 1689 1078 1736 connaturatione
1119 1688 1314 1753 infixas,
1360 1687 1494 1752 quod
1531 1686 1706 1736 Graeci
1758 1694 1866 1736 cata

179 1760 399 1825 synfysin
444 1767 633 1809 vocant.
704 1766 753 1809 et
799 1775 912 1809 cum
959 1760 1258 1824 glandulosis
1303 1763 1355 1809 in
1404 1760 1525 1809 locis
1564 1762 1615 1809 in
1656 1767 1864 1825 utraque

113 1841 155 1873 20
179 1835 395 1898 gutturis
439 1840 579 1898 parte
627 1833 812 1882 fuerint
858 1840 1024 1900 natae,
1072 1836 1218 1883 sicuti
1268 1836 1370 1884 suis
1421 1835 1630 1884 feminae
1671 1834 1865 1899 turgida

179 1906 300 1954 colla
347 1922 461 1955 cum
515 1906 683 1955 dolore
731 1907 1020 1974 ostendunt,
1074 1907 1205 1957 unde
1259 1909 1367 1973 ipso
1422 1909 1618 1957 nomine
1675 1908 1863 1956 scrofae

299 2097 319 2134 1
356 2091 459 2135 oleo
490 2104 596 2135 roso
627 2091 733 2146 (sie)
761 2104 804 2148 9,
839 2090 930 2134 olei
958 2091 1079 2135 rosei
1110 2094 1191 2146 (ro.
1218 2093 1273 2148 Ρ)
1306 2106 1373 2147 ep.
1554 2097 1579 2135 2
1620 2092 1699 2137 hb.
1740 2094 1773 2137 I.
1821 2107 1864 2150 9,

177 2149 280 2193 libr.
314 2149 335 2191 I
366 2164 404 2206 e,
435 2150 481 2193 l’.
514 2149 547 2194 I.
574 2163 623 2205 Ρ.
745 2154 771 2192 3
806 2151 990 2205 erpetas
1014 2163 1072 2205 p:
1105 2150 1331 2194 herbenas
1361 2165 1403 2207 9,
1435 2151 1650 2195 hertenas
1678 2164 1714 2195 c.
1837 2158 1863 2196 5

177 2208 354 2265 herpen
390 2222 439 2265 9,
482 2208 650 2265 herpin
689 2222 713 2251 e
751 2209 815 2263 (q.
854 2209 898 2252 h.
932 2208 974 2252 d.
1016 2221 1098 2252 om
1131 2222 1191 2264 Ρ,
1230 2221 1389 2265 erpem
1427 2208 1537 2256 Sim.
1578 2223 1612 2255 s.
1625 2211 1627 2213 ’
1650 2214 1863 2266 araneae)

176 2267 404 2324 herpenas
434 2281 477 2324 9,
507 2266 833 2323 herpepetieos
857 2281 894 2323 Ρ
927 2268 1028 2323 (om.
1061 2281 1099 2321 e,
1137 2268 1356 2323 herpetas
1386 2266 1546 2312 Simon
1575 2281 1609 2313 s.
1642 2270 1714 2326 v..)
1838 2276 1862 2314 7

176 2326 455 2383 serpiginem
497 2325 657 2370 Simon
693 2338 728 2369 s.
768 2326 971 2381 herpetas
1010 2326 1086 2382 (cf.
1131 2326 1291 2370 Isidor
1330 2328 1364 2369 I
1373 2326 1433 2382 V
1471 2331 1524 2379 8,
1566 2331 1594 2371 5
1620 2328 1861 2391 serpedo).

177 2399 299 2430 nom.
331 2399 361 2442 9
393 2387 443 2440 (i.
477 2399 510 2429 e.
543 2384 834 2428 nominamus
859 2389 928 2440 Ρ),
963 2385 1304 2429 nominavimus
1337 2399 1371 2429 o.
1495 2390 1521 2429 8
1547 2400 1601 2430 ac
1631 2400 1680 2443 9:
1714 2388 1762 2431 et
1793 2401 1860 2444 οΡ.

177 2458 214 2488 c.
246 2460 290 2501 p
324 2443 534 2488 extantia
565 2444 683 2488 Isid.
836 2448 861 2487 9
894 2444 1130 2500 herpentis
1158 2458 1244 2500 9Ρ,
1277 2443 1449 2500 erpetis
1482 2450 1725 2489 c.10
1758 2459 1862 2490 cen-

177 2517 295 2562 crias
325 2531 368 2574 9,
399 2516 567 2561 teci-ias
599 2530 635 2571 c,
667 2501 831 2561 ceuc¹as
855 2530 906 2573 Ρ.
1067 2522 1120 2560 12
1154 2530 1326 2561 aranea.
1356 2516 1540 2561 ven-ina
1571 2521 1731 2573 (ranea
1761 2533 1861 2564 ver-

175 2576 273 2620 mia
310 2580 350 2633 c)
388 2591 437 2633 9,
478 2591 566 2621 ——a
596 2590 633 2631 Ρ
665 2575 831 2631 (tineas
874 2575 1059 2620 verinae
1091 2576 1234 2632 Sim).
1418 2581 1472 2620 13
1506 2576 1763 2633 erisipilata
1792 2592 1861 2634 90,

180 2635 335 2691 —pila
357 2649 407 2691 Ρ.
585 2640 638 2678 15
670 2635 738 2677 tit.
770 2634 844 2678 Ad
877 2634 1089 2692 scroph(f
1108 2637 1202 2690 c)as
1231 2649 1301 2693 90,
1331 2636 1400 2680 De
1431 2634 1642 2680 scrofulis
1665 2650 1702 2691 Ρ
1736 2639 1859 2691 (moa,-

179 2693 361 2737 Scrofas
377 2699 496 2750 9εΡ).
621 2697 675 2737 16
694 2693 907 2737 chiradas
926 2707 1001 2751 9Ρ,
1025 2693 1259 2738 hiradasc
1397 2698 1449 2738 18
1475 2694 1791 2739 &naturatione
1808 2710 1837 2752 9
1851 2715 1870 2747 2⁷

178 2755 234 2796 οὗ
265 2753 576 2797 maturatione
608 2765 646 2808 c,
679 2755 817 2797 coatu
845 2767 891 2808 Ρ,
1065 2752 1347 2797 catasinfisin
1377 2767 1452 2810 9Ρ,
1484 2754 1792 2797 eatasmisisin
1822 2769 1861 2797 e.

177 2815 234 2854 20
266 2810 380 2855 suis:
413 2825 515 2855 sues
547 2824 614 2869 9ο,
646 2825 729 2856 uos
754 2826 805 2867 Ρ.
927 2817 980 2855 21
1020 2810 1187 2855 ostend
1215 2827 1256 2869 9.
