2004 3186
827 140 888 146 —
972 110 1223 161 140—

164 230 413 296 ²paralysis
445 230 583 279 duae.
647 229 882 294 aliquanti
913 229 1107 294 perdito
1141 243 1291 278 sensu
1323 235 1483 277 tactus
1515 243 1628 278 cum
1660 236 1864 294 torpore

176 304 437 369 paralysim
475 305 753 368 patiuntur,
798 302 892 351 hoc
932 309 1008 351 est
1046 309 1103 351 ut
1128 317 1302 369 ‘neque
1352 302 1508 366 frigus
1546 316 1707 370 neque
1747 303 1860 352 cali-

177 378 294 426 dum
327 379 430 426 cuti
469 378 748 441 appositum
781 377 993 424 sentiant
1031 378 1287 440 patientes,
1351 375 1584 439 aliquanti
1624 390 1682 423 ex
1721 387 1864 440 parte

178 452 515 515 suprascripto
556 465 706 499 sensu
744 456 973 498 manente
1013 450 1281 513 patiuntur.
1345 449 1571 512 sequitur
1607 455 1771 497 autem
1809 451 1860 498 in

123 521 152 567 '5
177 526 403 590 passione
451 525 768 589 constitutOS‚
823 538 936 572 cum
993 522 1278 571 difficultate
1327 536 1503 571 sensus
1559 527 1608 570 et
1660 523 1864 572 insolito

162 612 293 662 usu,
340 596 552 645 difficilis
599 603 763 645 motus
810 610 894 645 aut
942 611 1002 645 ex
1048 603 1152 645 toto
1192 601 1484 660 amputatus
1560 601 1609 644 et
1647 595 1866 662 efficitur

177 670 434 734 aliquando
467 671 620 719 totius
653 671 876 734 corporis
908 669 1167 734 aliquando
1198 671 1376 733 partiS‚
1411 675 1495 718 aut
1526 668 1861 718 membrorum

176 743 444 792 multorum
485 751 569 792 aut
607 743 883 807 aliquorum
924 748 1008 792 aut
1048 742 1256 791 membri
1294 744 1456 791 uniuS.
1532 749 1581 791 et
1619 743 1866 806 contingit

177 817 464 880 frequenter
511 824 595 865 aut
644 832 703 865 ex
750 817 933 880 frigore
974 817 1120 865 nimis
1144 809 1303 864 ¹acuto
1351 821 1435 864 aut
1474 815 1738 864 vinolentia
1778 821 1867 864 aut

111 903 152 933 10
177 889 503 954 indigestione
544 890 795 954 frequenti
834 897 918 939 aut
955 889 1216 938 immodico
1257 904 1351 938 usu
1390 890 1606 937 venerio,

322 965 374 1011 in
421 963 759 1012 curationibus
806 978 923 1012 vero
970 969 1167 1028 oportet
1221 964 1327 1027 ipsa
1372 963 1531 1026 prima
1578 961 1656 1010 die
1711 959 1862 1011 flebo-

174 1037 374 1084 tomiam
428 1038 478 1084 in
533 1036 735 1085 brachio
790 1036 1022 1085 adhibere
1079 1035 1209 1100 quod
1268 1036 1420 1084 fuerit
1476 1036 1684 1099 patienti
1732 1037 1862 1099 parti

176 1111 501 1174 contrarium,
548 1109 679 1173 quod
727 1112 996 1175 antispasin
1044 1115 1234 1158 vocant.
1311 1110 1353 1158 si
1400 1123 1516 1157 vero
1565 1107 1656 1157 sub
1707 1108 1862 1173 pleni-

175 1182 344 1231 tudine
408 1182 505 1231 cibi
566 1189 652 1232 aut
716 1185 816 1232 vini
870 1185 1056 1232 fuerint
1110 1189 1444 1247 aegrotanteS‚
1504 1183 1742 1230 vomitum
1803 1182 1862 1230 ad

111 1267 150 1300 15
174 1270 409 1319 praesens
454 1255 744 1320 provocabis
793 1272 852 1306 ex
899 1256 1127 1321 ydrelaeo
1169 1256 1347 1322 calido,
1406 1255 1455 1305 id
1502 1262 1578 1304 est
1625 1270 1684 1303 ex
1738 1270 1863 1320 aqua

175 1328 329 1377 calida
377 1335 425 1377 et
472 1329 579 1378 oleo
626 1330 840 1379 admixto
887 1330 1080 1379 modico
1128 1329 1250 1396 sale,
1299 1335 1349 1379 et
1395 1331 1466 1378 sic
1515 1327 1731 1378 secunda
1780 1329 1859 1378 die

173 1401 512 1451 flebotomabis
560 1410 610 1452 et
654 1403 853 1452 mundis
899 1418 955 1452 ac
1002 1402 1230 1451 mollibus
1275 1403 1400 1452 lanis
1448 1417 1509 1450 ex
1557 1401 1664 1450 oleo
1705 1401 1863 1451 calido

173 1474 393 1523 membra
446 1477 679 1540 patientis
732 1476 949 1526 involves
1004 1483 1055 1525 et
1108 1476 1321 1525 fasciolis
1372 1474 1561 1525 levibus
1617 1474 1862 1524 fasciabis.

172 1555 286 1612 post
330 1548 450 1597 haec
497 1564 649 1614 acopo
696 1549 1023 1599 thermantico
1070 1549 1350 1599 ischiadicis
1399 1550 1630 1613 superius
1674 1550 1860 1613 scripto

107 1635 151 1666 20
174 1622 330 1669 uteris
378 1628 427 1671 et
473 1623 785 1672 scarifatione
826 1638 885 1672 ex
931 1623 1123 1672 levibus
1161 1622 1473 1685 laceraturis,
1526 1637 1647 1686 quas
1686 1621 1862 1670 Graeci

173 1694 400 1759 amychas
430 1702 619 1745 vocant.
689 1702 739 1745 et
777 1698 819 1745 si
850 1697 978 1745 forte
1017 1698 1069 1745 in
1106 1696 1272 1759 lingua
1305 1697 1590 1760 contigerit,
1631 1695 1859 1744 similiter

173 1767 441 1834 scarifabiS,
475 1775 525 1818 et
554 1776 667 1833 post
696 1770 1062 1819 scarifationem
1093 1769 1300 1819 mulsam
1333 1769 1538 1818 calidam
1570 1768 1859 1833 frequenter

174 1840 461 1890 coluendam
501 1842 639 1892 dabis
672 1850 721 1892 et
759 1858 786 1891 a
826 1843 1133 1892 salsamentis
1165 1843 1241 1892 vel
1286 1843 1569 1908 liquamine,
1612 1842 1743 1906 quod
1783 1848 1861 1890 est

292 2033 315 2070 1
350 2028 398 2071 et
435 2029 544 2084 post
583 2027 683 2084 (sic)
722 2027 964 2084 paralisim
1000 2028 1089 2072 due
1122 2042 1157 2073 c.
1338 2029 1553 2085 torpore:
1595 2040 1786 2084 corpore
1825 2041 1861 2084 c,

173 2088 272 2146 032.
291 2114 340 2156 p.
453 2105 479 2144 2
503 2114 655 2156 neque
682 2101 885 2145 calidum
908 2115 1060 2157 neque
1083 2101 1305 2157 frigidum
1322 2115 1372 2157 p.
1490 2106 1515 2145 6
1540 2089 1604 2144 8-8
1635 2114 1678 2145 c:
1704 2114 1862 2157 supra-

172 2159 297 2203 dicto
320 2173 371 2216 p.
493 2161 651 2203 autem
682 2173 764 2203 om.
788 2174 827 2216 p
858 2159 927 2216 (in
957 2173 1040 2204 om.
1074 2163 1126 2216 e).
1251 2163 1277 2203 5
1311 2159 1591 2203 constitutos
1621 2160 1862 2215 paralisim

172 2217 377 2274 corporis
395 2232 499 2261 cum
517 2217 794 2262 difficultate
812 2233 971 2262 sensus
991 2232 1027 2272 c,
1054 2219 1335 2263 constitutos
1364 2217 1617 2262 difficultas
1639 2231 1798 2262 sensus
1808 2233 1859 2274 p.

172 2279 220 2320 et
248 2276 438 2321 insolito
469 2291 555 2320 usu
594 2276 796 2320 difficilis
829 2291 888 2333 p,
930 2279 977 2322 ei,
1005 2277 1220 2321 insolitos
1257 2289 1368 2334 usq3
1402 2275 1583 2320 difficili
1615 2290 1650 2321 c.
1835 2282 1859 2321 7

171 2335 425 2392 aliquando
463 2336 546 2379 aut
580 2335 727 2379 totius
767 2350 803 2380 c.
845 2338 927 2380 aut
964 2336 1110 2392 partis
1150 2338 1232 2380 aut
1269 2339 1347 2380 etc.
1382 2348 1448 2390 cp.
1631 2341 1656 2379 9
1689 2337 1771 2379 aut
1803 2349 1859 2379 ex

170 2407 254 2439 om.
295 2408 319 2438 c
358 2395 456 2451 (ubi
493 2395 542 2438 eb
577 2393 810 2451 extinguit
846 2395 900 2438 fr.
940 2395 1167 2451 frigores).
1363 2398 1415 2437 11
1455 2393 1560 2450 ipsa
1599 2407 1643 2438 c:
1685 2408 1767 2438 om.
1808 2408 1858 2450 p.

170 2452 378 2509 pridiora
409 2454 507 2507 (sic)
540 2452 619 2497 die
647 2466 694 2509 c,
726 2453 879 2509 primo
911 2453 1060 2510 die'p.
1185 2458 1240 2496 14
1270 2453 1371 2498 vini
1402 2455 1485 2496 aut
1515 2453 1607 2497 cibi
1630 2467 1680 2509 p.
1744 2461 1747 2463 ’
1805 2457 1860 2497 15

170 2511 347 2556 idroleo
367 2525 416 2567 .⁰‚
446 2511 638 2572 ydroleo
663 2526 712 2568 p.
862 2517 913 2556 17
947 2511 1236 2556 mollioribus
1260 2526 1312 2568 p.
1487 2517 1540 2556 18
1572 2511 1780 2556 involves
1813 2514 1862 2555 et
1906 2525 1915 2535 ·“

169 2569 388 2614 fasciabis
426 2570 610 2614 lenibus
649 2569 889 2614 fasciolab'
932 2572 1029 2627 (sie)
1070 2584 1115 2627 c,
1157 2571 1397 2616 involvens
1433 2570 1638 2615 fasciolis
1677 2570 1860 2615 levibus

170 2628 387 2673 fasciabis
411 2644 462 2686 p.
638 2633 691 2673 19
725 2643 924 2684 acopum
957 2631 1098 2686 (—p1‘.1
1122 2630 1176 2685 p)
1208 2630 1537 2674 termanticum
1568 2631 1669 2683 (—c
1693 2629 1748 2685 p)
1775 2662 1784 2672 .
1812 2665 1821 2673 .
1847 2662 1858 2674 .

170 2688 393 2744 scriptum
426 2702 492 2744 cp.
557 2712 561 2715 <
673 2687 876 2732 sciaticis
900 2702 960 2744 p,
1001 2702 1114 2732 —co
1147 2702 1181 2733 c.
1364 2693 1421 2732 20
1455 2687 1788 2732 scarificatione
1819 2701 1857 2741 e,

172 2746 493 2791 scarifactione
510 2761 560 2803 p.
682 2752 737 2790 21
765 2746 938 2790 amicas
961 2761 1031 2804 cp.
1145 2751 1201 2790 22
1227 2747 1507 2791 scarificabis
1531 2760 1597 2802 cp.
1719 2746 1857 2790 scari-

170 2803 433 2849 ficationem
465 2819 531 2862 cp.
655 2806 806 2850 mulsa.
836 2805 988 2850 calida
1019 2806 1048 2850 f.
1082 2805 1262 2850 lavabis
1287 2820 1337 2862 p.
1460 2810 1515 2850 23
1549 2819 1577 2848 a
1608 2819 1654 2849 c:
1695 2818 1777 2849 om.
1802 2818 1854 2861 p.
