2004 3186
13 404 51 436 p.
76 394 141 427 198

118 542 139 573 5

95 909 138 939 10

90 1642 134 1674 20

809 144 876 148 —-
959 111 1210 164 104—

164 237 206 285 si
259 245 423 286 tamen
476 235 655 284 virium
711 232 918 298 qualitas
983 232 1135 281 fuerit
1192 231 1476 296 suffragata,
1538 233 1615 281 sin
1669 235 1848 302 minuS,

163 311 343 359 acriori
381 308 592 374 clystere
634 314 855 357 ventrem
893 304 1123 355 deduces,

312 381 371 431 ad
419 380 658 431 stomachi
710 380 1054 429 ventositatem
1108 380 1211 428 sive
1246 376 1254 439 Ι
1287 377 1590 427 inflationem
1640 386 1691 429 et
1739 388 1846 430 ten-

164 458 354 506 sionem
398 454 518 520 polii
564 454 738 504 cretici
782 451 1088 518 manipulum
1126 467 1282 501 unum
1326 453 1378 501 in
1427 466 1552 518 aqua
1598 451 1848 519 decoques

164 538 213 579 et
264 531 371 595 ipsa
428 528 716 578 decoctione
775 527 999 576 ieiunum
1057 525 1264 590 potabis.
1349 532 1433 575 aut
1494 532 1702 591 nepetae
1763 535 1850 578 aut

161 610 356 653 mentae
417 602 757 651 decoctionem
818 599 1032 649 admixto
1094 599 1287 648 modico
1349 598 1493 648 melle
1555 606 1606 649 et
1659 602 1847 666 piperis

162 678 327 742 granis
380 676 583 740 triginta
635 676 775 739 potui
829 672 982 722 dabis.
1059 678 1110 722 et
1160 679 1273 738 post
1318 671 1439 722 haec
1486 673 1719 740 epithima
1769 674 1848 724 dia

162 756 444 816 spermaton
483 748 682 813 Filagrii
717 762 948 812 appones,
1011 752 1062 795 et
1092 746 1354 796 conficitur
1385 748 1470 796 sic.
1534 746 1847 816 cardamomi,

162 825 351 889 cyperi,
389 821 569 871 herbae
604 821 824 887 sabinae,
855 821 997 880 nitri,
1033 819 1269 869 bacarum
1302 819 1452 887 lauri,
1491 821 1676 870 cassiae
1708 822 1847 871 fistu-

160 896 258 963 lae,
305 895 535 960 meliloti‚
581 896 711 944 faeni
757 895 922 959 graeci
964 892 1162 958 pollinis
1172 933 1186 959 ‚
1231 894 1377 942 fascis
1423 893 1606 961 gallici,
1645 896 1849 945 seminis

160 972 279 1035 apii,
333 970 568 1035 samsuci,
624 969 782 1034 anesi,
835 968 1035 1032 panacis
1084 966 1286 1033 radiciS,
1339 969 1559 1016 omnium
1608 967 1848 1018 tredecim

159 1046 330 1092 uncias
376 1049 542 1092 ternas
550 1081 565 1108 ,
621 1042 911 1090 ammoniaci
957 1045 1126 1107 guttae
1172 1047 1223 1089 et
1271 1042 1463 1090 resinae
1517 1039 1847 1093 terebintinae

159 1118 330 1166 uncias
379 1130 544 1182 senaS,
591 1114 775 1180 melliS,
822 1114 918 1164 olei
962 1113 1180 1180 nardini,
1227 1113 1383 1179 adipis
1428 1116 1634 1180 taurini,
1689 1130 1848 1183 cerae,

159 1191 380 1240 omnium
412 1195 645 1254 quattuor
674 1187 826 1238 libras
859 1187 1090 1252 singulas.
1146 1186 1297 1252 aliqui
1323 1202 1441 1237 vero
1471 1203 1563 1253 pro
1596 1187 1704 1237 oleo
1736 1204 1847 1239 nar-

115 1274 135 1307 5
159 1263 275 1312 diuo
314 1259 574 1329 cyprinum
612 1264 815 1312 mittunt
855 1268 904 1310 et
940 1276 1031 1326 pro
1064 1260 1229 1310 radice
1267 1263 1467 1326 panacis
1499 1276 1846 1327 opopanacem.

161 1343 211 1385 et
234 1338 277 1387 si
301 1337 360 1386 ad
390 1351 627 1402 praesens
658 1334 957 1385 terebintina
980 1350 1081 1383 non
1112 1334 1278 1401 fuerit,
1310 1333 1604 1384 colofoniam
1627 1337 1845 1387 mittunt.

161 1409 348 1459 addunt
386 1409 482 1459 olei
521 1419 563 1461 7.
600 1409 690 1475 Ill,
737 1410 864 1457 aceti
911 1408 1044 1473 quod
1084 1409 1336 1458 suffecerit
1373 1407 1434 1457 ad
1473 1409 1846 1462 conterendum.

160 1485 452 1533 ammoniaci
496 1489 635 1548 gutta
681 1482 784 1531 sola
831 1483 932 1530 sive
979 1496 1093 1531 cum
1139 1497 1419 1547 opopanace
1469 1483 1587 1532 facit
1632 1482 1691 1532 ad
1737 1486 1846 1534 uni-

159 1571 326 1606 versas
371 1556 650 1606 inflationes
698 1555 939 1605 stomachi
985 1554 1061 1604 vel
1108 1557 1427 1604 ventositates
1482 1562 1532 1605 et
1586 1559 1742 1622 epatis
1796 1565 1847 1607 et

158 1629 365 1695 spleniS,
403 1629 550 1679 et-ad
590 1630 753 1678 omnia
791 1643 1023 1693 magnum
1063 1636 1139 1678 est
1178 1629 1607 1679 medicamentum.

278 1747 301 1785 1
337 1741 387 1786 Si
418 1756 453 1787 c.
577 1747 602 1785 2
636 1741 812 1785 acriore
844 1755 881 1786 c.
1003 1739 1192 1785 deducis
1221 1755 1303 1798 912,
1344 1755 1480 1786 —ces
1511 1755 1546 1787 c.
1669 1748 1698 1786 4
1728 1743 1846 1800 polii

158 1800 318 1845 cretici
340 1815 378 1857 p
411 1801 564 1858 (polue
591 1802 598 1857 1
624 1799 759 1845 retici
790 1802 853 1855 c):
896 1798 1074 1856 polium
1106 1799 1329 1844 creticum
1359 1815 1401 1857 9.
1553 1805 1580 1845 5
1612 1803 1660 1846 et
1690 1802 1845 1859 ipsam

157 1859 474 1904 decoctionem
503 1859 685 1904 ieiunus
725 1858 913 1916 potabis
942 1872 973 1915 9
1005 1859 1072 1915 (et
1101 1858 1253 1915 ipsam
1284 1859 1327 1904 d.
1360 1859 1517 1904 ieiuno
1547 1860 1681 1917 potui
1711 1860 1845 1905 dabis

152 1919 205 1974 p)
221 1953 231 1973 ,
282 1919 330 1962 et
377 1918 427 1962 in
474 1918 579 1975 ipsa
630 1918 902 1962 decoctione
946 1916 1154 1962 ieiunum
1199 1917 1387 1974 potabis
1437 1932 1474 1964 c,
1685 1919 1846 1981 nepite

157 1975 334 2035 (nebite
379 1978 446 2033 90)
492 1978 647 2036 mente,¹
696 1990 747 2033 9,
792 1975 952 2033 nepite
997 1978 1154 2021 mente
1200 1991 1268 2034 cp.
1481 1982 1505 2021 7
1553 1991 1699 2034 grana
1743 1993 1842 2036 901⁰·

156 2034 285 2079 XXX
317 2049 385 2092 cp.
507 2035 735 2092 epithima
763 2049 840 2093 9ο,
873 2034 1010 2091 eph'a
1031 2049 1082 2092 p.
1205 2041 1232 2080 8
1263 2035 1418 2093 filagri
1446 2049 1528 2093 yp,
1564 2036 1765 2095 filargiri
1795 2039 1843 2082 et

155 2092 322 2151 filagni
364 2108 399 2139 c.
579 2094 862 2139 accusativos
902 2094 1067 2138 iterum
1109 2094 1243 2138 habet
1285 2109 1336 2152 9,
1377 2096 1598 2151 yenitivos
1640 2110 1708 2153 cp.
1775 2098 1847 2142 sic

156 2153 275 2197 enim
317 2166 367 2209 9:
414 2151 782 2197 Cardamomum.
862 2150 1088 2209 Ciperum.
1166 2152 1325 2197 Herba
1370 2153 1532 2197 sauina
1578 2155 1754 2210 (savine
1789 2169 1841 2212 p,

154 2210 310 2256 savine
333 2213 387 2268 c).
440 2211 643 2256 Nitrum.
697 2211 844 2254 Baeas
869 2210 1059 2267 (Baccas
1087 2212 1223 2256 etiam
1247 2225 1290 2267 c,
1322 2225 1541 2256 —earum
1567 2215 1633 2268 p).
1684 2212 1843 2258 Cassia

155 2269 324 2315 fistula.
370 2269 647 2315 Melilotum.
703 2268 978 2326 Foenigreci
1000 2269 1239 2326 pollinem.
1292 2270 1460 2315 Fasces
1491 2271 1688 2327 gallicos
1719 2273 1841 2328 (item

148 2342 200 2385 p,
231 2328 370 2373 fascis
402 2328 580 2373 callicis
612 2331 665 2385 c).
730 2328 899 2373 Semen
930 2327 1038 2385 apii.
1095 2329 1366 2373 Samsucum
1397 2329 1625 2385 (Samsuci
1639 2345 1691 2388 p,
1725 2332 1839 2376 San-

154 2387 251 2432 suci
289 2388 343 2443 c).
411 2387 548 2444 Ani(e
573 2388 826 2444 cormeum.
879 2386 1076 2432 Panacis
1113 2387 1295 2433 radices
1335 2388 1476 2444 (—cis
1515 2392 1601 2446 cp).
1784 2396 1831 2436 11

154 2446 363 2490 omnium
387 2471 442 2478 —-
465 2448 622 2491 ternas
643 2449 757 2504 y(c):
791 2449 864 2491 εἴ).
890 2449 934 2500 ἢ
958 2446 1038 2490 ΙΙΙ.
1069 2462 1114 2504 p.
1239 2451 1292 2490 12
1316 2447 1563 2493 Amoniaci
1592 2451 1780 2505 guttam
1809 2464 1839 2506 9

155 2506 364 2562 (—gutte
396 2507 460 2562 c),
501 2505 736 2550 armoniae
765 2504 903 2562 gutta
925 2519 976 2562 p.
1131 2510 1184 2550 13
1216 2506 1376 2550 uncias
1407 2520 1539 2551 senas
1568 2522 1619 2566 9:
1651 2507 1691 2563 7,·-
1727 2508 1769 2552 V
1801 2523 1839 2563 c,

153 2582 224 2622 ἢῆ.
257 2581 300 2632 ἡ
330 2577 407 2623 VI.
438 2593 484 2641 p.
606 2592 739 2623 caere
769 2593 820 2638 9,
853 2570 906 2624 &e
929 2593 988 2635 με
1019 2591 1103 2623 om.
1137 2592 1171 2623 c.
1316 2584 1370 2623 14
1402 2579 1609 2624 omnium
1640 2583 1839 2638 quatuor

155 2636 378 2690 (omnium
412 2637 555 2681 trium
584 2639 651 2683 sic
682 2640 722 2694 c)
752 2637 783 2682 1.
817 2653 849 2682 s.
882 2653 955 2696 90:
996 2642 1069 2682 asi.
1100 2638 1147 2681 l'.
1179 2637 1213 2681 I.
1238 2651 1290 2694 p.
1443 2643 1497 2683 15
1529 2638 1763 2684 radicibus
1793 2655 1836 2698 9,

152 2694 281 2739 radic
302 2709 339 2751 e,
363 2695 518 2740 radice
534 2711 584 2753 p.
694 2696 921 2742 inducunt
945 2710 1264 2753 opopanacem
1279 2711 1317 2754 12
1339 2698 1475 2742 solus.
1585 2701 1639 2742 17
1667 2698 1833 2744 oleum.

153 2756 207 2798 2..
241 2754 306 2798 III
336 2768 384 2812 y:
418 2754 509 2799 olei
539 2761 564 2807 3
600 2754 677 2799 III.
711 2769 779 2813 cp.
953 2755 1125 2800 sufficit
1156 2769 1224 2812 cp.
1396 2755 1470 2800 Ad
1505 2757 1835 2802 conterendum

151 2815 270 2869 9(p):
296 2826 378 2857 om.
405 2827 440 2859 c.
576 2819 630 2859 18
656 2814 753 2859 sive
778 2829 884 2859 cum
909 2814 1200 2872 oppopanice
1224 2828 1266 2860 c:
1300 2814 1395 2859 sive
1421 2828 1738 2872 opopanacem
1761 2830 1835 2873 910·
