2004 3186
852 107 1257 161 -208-

236 222 404 269 Graeci
435 224 541 268 cata
574 224 625 279 (h
656 224 762 268 add.
795 224 1006 281 σφῇ-ροτ-

234 281 362 327 rusin
394 283 457 340 (9)
489 283 661 327 vocant
692 287 761 327 19.

203 338 534 409 κατάρροια,
563 337 902 408 κατάρρους;
938 341 1025 385 ni·

235 399 332 444 mia
369 399 542 444 toracis
582 399 912 444 constrictione
952 412 1009 443 ex

234 457 405 503 viscosi
471 458 703 515 flegmatis
775 458 1009 502 infusione

234 519 348 562 nata
395 531 535 573 quam
581 517 748 562 Graeci
791 519 1010 562 catereon

238 577 332 632 (90,
378 578 596 621 catal-eon
630 590 669 632 p
707 600 764 610 --
804 577 885 633 Zey.
934 589 1009 620 ca-

234 633 407 691 tariau)
446 634 543 679 sive
575 638 810 679 catarrum
841 635 1012 679 vocant

236 697 307 737 34.
364 693 595 750 frequenti
620 695 800 738 catari-o
818 694 950 748 (—ru
964 694 1009 749 9)

236 752 482 808 temptatis
538 758 608 797 36.
686 754 763 808 (=
817 751 1010 797 influxio

237 810 357 855 Cael.
361 813 391 866 ).

205 866 606 936 κατωτερικόςε
630 870 860 915 trociscus
885 871 1009 915 cato-

235 927 407 972 tericus
453 928 503 972 id
550 930 621 973 est
667 929 747 985 qui
793 929 1011 974 deorsum

234 999 319 1043 per
364 986 546 1044 podicis
599 990 758 1043 partes
811 987 1010 1033 iniectus

236 1045 462 1090 servando
492 1045 734 1091 inferiores
764 1046 1007 1092 intestino-

234 1119 338 1148 rum
367 1106 524 1162 partes
556 1105 770 1150 medetur
799 1110 871 1152 48.

204 1163 435 1217 καῦσος·
495 1178 659 1209 causos
713 1164 860 1209 latino
916 1179 1008 1210 ser-

235 1236 372 1267 mone
411 1222 554 1267 febris
594 1223 865 1268 incendiosa
895 1224 1007 1269 dici-

235 1283 313 1324 tur
344 1286 398 1325 61
440 1282 516 1336 (cf.
549 1296 655 1338 app.
696 1284 790 1327 cod.
826 1283 939 1328 Par.
972 1284 1008 1339 f.

236 1339 324 1384 87¹³
379 1340 604 1385 universis
657 1341 887 1386 viscerum
940 1341 1010 1386 in-

236 1398 411 1443 cendiis
437 1398 762 1444 convenit..
797 1402 851 1467 et.
867 1400 1008 1445 febri-

237 1457 323 1501 bus
353 1457 637 1503 incendiosis
668 1471 697 1502 a
728 1458 878 1516 grecis
904 1473 1008 1504 cau-

236 1515 411 1561 soninis
442 1517 725 1585 appellatis).

205 1574 528 1629 καυστικόςε
576 1575 811 1621 causticae
829 1611 840 1623 .
859 1610 869 1619 .
889 1611 899 1621 .
917 1577 1007 1622 vir-

235 1634 351 1678 tutis
381 1634 431 1678 id
462 1636 533 1679 est
561 1635 848 1680 incensoriae
883 1641 951 1681 13.

206 1690 464 1749 καχεξία,
509 1691 860 1750 καχεκτικόςε
911 1709 1008 1740 cor-

235 1751 362 1807 poris
400 1752 527 1797 mala.
560 1752 837 1820 habitudine
870 1768 1011 1810 quam

238 1809 405 1855 Graeci
450 1811 687 1856 cacexiam
725 1814 897 1857 vocant
938 1818 1008 1858 32.

236 1869 342 1913 item
381 1874 451 1915 43.
484 1876 555 1914 46.
590 1876 658 1915 73.
713 1871 763 1915 in
802 1871 1011 1917 cacexies

238 1928 328 1984 (cp)
376 1929 425 1974 id
473 1930 545 1973 est
590 1943 836 1986 corporum
873 1930 1012 1975 malis

236 1985 590 2032 habitudinibus
625 1994 694 2057 ⁷5:
766 1988 884 2034 Cael.
918 1991 1009 2034 chr.

237 2049 390 2100 4,18
437 2051 516 2091 etc.
565 2072 620 2079 —-
670 2047 721 2091 in
767 2047 1011 2093 cacecticis

240 2117 350 2161 corp
353 2105 507 2150 oribus
538 2106 586 2150 id
618 2107 690 2150 est
719 2107 845 2150 mala
875 2107 1010 2152 habi-

236 2163 399 2207 tudine
431 2164 613 2209 affectis
645 2170 685 2208 3.
721 2170 789 2210 75.

207 2222 488 2280 κεγχρὶαςε
537 2223 668 2268 aliud
713 2237 860 2280 genus
906 2224 1008 2268 her-

238 2281 383 2336 petis,
423 2295 562 2338 quem
603 2280 769 2327 Graeci
803 2283 1009 2327 cencrias

239 2340 340 2397 (sic)
400 2342 594 2395 vocant,
664 2340 893 2397 siquidem
961 2342 1011 2386 in

239 2399 483 2455 superficio
523 2399 642 2444 cutis
680 2400 892 2456 pustulas
923 2401 1011 2444 mi—

238 2459 376 2502 nutas
413 2459 543 2504 milio
583 2458 759 2503 similes
791 2459 1008 2504 ostendit.

239 2530 382 2584 quam
419 2517 577 2562 Latini
612 2518 754 2574 vulgo
790 2531 1010 2563 araneam

239 2569 470 2621 veri-inam
499 2579 682 2622 vocant.
715 2582 784 2621 25.

208 2630 469 2689 κένωσιςε
538 2635 864 2680 vacuationem
924 2635 1009 2681 ali-

239 2707 379 2748 quam
427 2695 579 2740 facere
633 2709 776 2751 quam
822 2695 1010 2740 cenosin

238 2754 409 2797 vocant
473 2754 571 2799 sive
632 2768 716 2811 per
776 2754 1010 2805 clisterem

240 2823 395 2856 acrem
455 2812 719 2857 adhibitum
779 2813 875 2859 sive
926 2827 1009 2871 per

1120 221 1444 279 purgatorium
1482 221 1644 267 datum
1683 222 1780 268 sive
1811 237 1897 280 per

1119 280 1439 326 flebotomiam
1500 284 1572 326 55.
1656 282 1716 336 cf.
1772 281 1893 327 Cael.

1120 341 1212 385 chr.
1245 345 1286 395 3,
1322 344 1406 384 148
1437 339 1782 394 (vehementem
1807 341 1893 385 hu-

1121 398 1264 443 moris
1293 397 1631 443 detractionem
1655 433 1666 444 .
1685 433 1695 444 .
1716 432 1727 444 .
1751 413 1894 457 quam

1122 456 1290 502 Graeci
1319 455 1519 502 κένωσιν
1550 459 1748 514 vocant).

1091 515 1403 573 κεφαλαὶαε
1448 515 1637 560 tardum
1683 516 1781 562 sive
1825 516 1896 561 in-

1122 576 1384 620 veteratum
1453 574 1622 631 capitis
1684 575 1894 621 dolorem

1121 647 1260 690 quem
1300 633 1466 679 Graeci
1506 634 1779 690 cephaleam
1815 649 1895 691 ap-

1122 693 1305 762 pellant
1329 698 1367 736 1.
1415 694 1472 748 cf.
1508 691 1627 738 0an
1660 694 1750 739 chr.
1786 698 1826 749 1,
1849 698 1895 738 4.

1092 747 1486 809 κεφαλόποδες
1502 753 1582 808 (?):
1599 752 1677 796 vel
1686 754 1740 809 (P)
1754 752 1897 809 pedes

1125 824 1242 867 quos
1272 810 1518 867 appellant
1548 810 1896 868 cephalopodas

1092 927 1293 982 xwm'g:
1333 929 1459 985 (uva)
1501 928 1542 972 si
1579 928 1721 974 fuerit
1753 927 1898 985 longa.

1123 988 1172 1032 et
1200 987 1356 1031 tenuis
1396 988 1444 1032 et
1479 987 1530 1031 in
1574 986 1776 1032 folliculi
1824 986 1898 1031 sui

1123 1045 1391 1091 summitate
1414 1046 1666 1103 plurimum
1685 1045 1895 1091 humoris

1119 1104 1356 1160 habuerit,
1414 1104 1560 1149 cionis
1613 1105 1791 1162 (cyonis
1843 1107 1891 1162 9)

1121 1164 1388 1232 appellatur
1418 1167 1488 1208 35.

1090 1219 1393 1279 κνησμονὴ·
1410 1221 1697 1280 pruriginem
1708 1236 1893 1267 omnem

1122 1281 1289 1326 Graeci
1305 1295 1584 1326 cnesmonen
1601 1282 1895 1338 (henesmon-

1122 1354 1225 1385 cam
1249 1354 1286 1395 c,
1313 1340 1611 1386 henesionem
1626 1354 1664 1397 p
1695 1341 1753 1395 cf.
1779 1340 1892 1387 Sim.

1120 1411 1157 1466 s:
1188 1399 1488 1455 henesmone)
1519 1401 1692 1444 vocant
1725 1404 1792 1444 16.

1090 1454 1285 1512 κόκκος
1312 1458 1553 1512 xvichog:
1588 1458 1717 1503 cocci
1747 1457 1897 1516 gnidii

1121 1517 1171 1560 id
1202 1518 1279 1561 est
1296 1516 1482 1561 seminis
1512 1516 1709 1561 turbisci
1737 1522 1793 1562 ’16
1819 1517 1895 1573 (cf.

1121 1577 1184 1620 ib.
1216 1576 1346 1621 cocci
1375 1575 1524 1633 gnidii
1553 1575 1722 1632 optimi
1750 1575 1801 1620 id
1825 1577 1898 1620 est

1122 1648 1217 1679 non
1254 1634 1561 1679 vetustissimi
1599 1634 1681 1679 sed
1720 1635 1898 1679 novelli

1124 1707 1180 1738 ex
1231 1693 1348 1738 locis
1401 1692 1649 1737 maritimis
1708 1693 1898 1738 collecti

1123 1766 1270 1809 grana
1299 1754 1413 1809 etc..)
1462 1753 1520 1807 cf.
1553 1752 1710 1797 Diosc.
1740 1757 1896 1809 4,170

1121 1811 1380 1881 θυμέλαια,
1403 1807 1453 1856 οἷ
1472 1810 1526 1856 δὲ
1551 1787 1865 1881 χαμέλαιαν..

1126 1867 1180 1914 ἐκ
1218 1867 1392 1941 ταύτης
1428 1866 1453 1914 ὁ
1502 1871 1680 1921 κνίδιος
1726 1866 1896 1921 κόκκος

1123 1926 1305 1985 καρπὸς
1359 1924 1425 1973 ὧν
1490 1927 1760 1984 συλλέγεται
1791 1964 1802 1974 .
1838 1963 1849 1973 .
1885 1964 1897 1974 .

1122 1988 1393 2032 πλανῶνται
1428 1986 1482 2032 δε
1513 1989 1781 2044 νομίζοντες
1811 1984 1895 2031 τὸν

1125 2048 1309 2092 κνίδιον
1333 2043 1509 2092 κόκκον
1534 2047 1616 2102 τῆς
1639 2047 1896 2111 χαμελαίας

1125 2107 1198 2175 (de
1227 2121 1320 2162 qua
1350 2106 1506 2150 Diosc
1538 2108 1733 2162 4,169)
1775 2102 1899 2175 εἶναι.

1122 2181 1306 2221 καρπον
1358 2141 1662 2235 απατωμένῦι
1714 2160 1795 2208 δια
1844 2161 1896 2208 τὸ

1121 2224 1215 2267 τῶν
1262 2220 1450 2279 φύλλων
1489 2219 1717 2279 ὁμοειδές.
1782 2227 1898 2268 recte

1121 2282 1268 2340 τρίταν
1319 2283 1439 2326 inter
1501 2282 1800 2326 chamelaeam
1856 2286 1898 2326 et

1122 2354 1302 2384 coccam
1358 2341 1562 2385 cnidium
1616 2341 1896 2397 distinyuere

1121 2400 1301 2444 videtur
1325 2399 1441 2444 Cael.
1467 2400 1588 2444 Aur.
1620 2400 1672 2452 (i.
1695 2413 1730 2444 e.
1756 2399 1898 2444 Sora·

1122 2463 1230 2514 nus)
1260 2460 1351 2503 chr.
1378 2463 1422 2513 3,
1453 2463 1559 2503 138.
1604 2459 1896 2513 confundunt·

1122 2522 1200 2562 tur
1237 2521 1387 2562 tamen
1423 2518 1672 2575 thymelaea
1709 2522 1751 2561 et
1793 2518 1897 2561 cha-

1121 2577 1313 2631 melaea,
1341 2581 1394 2620 ut
1417 2591 1447 2621 α
1473 2577 1636 2620 Plinio
1661 2578 1750 2631 (13,
1777 2577 1895 2631 114),

1122 2636 1191 2680 ita
1213 2641 1320 2692 post
1351 2636 1677 2689 Dioscoridem,
1708 2639 1760 2679 ut
1791 2635 1897 2678 cha-

1122 2695 1314 2739 melaeae
1384 2695 1651 2751 simpliciter
1711 2694 1895 2738 dicatur

1121 2767 1318 2810 ymnum
1371 2755 1576 2798 cnidium
1625 2753 1711 2810 [ita
1761 2753 1896 2796 etiam

1123 2812 1347 2867 Galenus,
1394 2813 1475 2869 qui
1516 2812 1682 2857 omittit
1728 2811 1893 2868 thyme-
