2004 3186
837 104 1236 157 —234—

230 222 439 266 eoratum
478 221 663 265 acetum
704 219 830 266 Med.
867 219 999 264 Plin.

230 279 396 336 (Rom.)
430 284 470 335 1,
507 283 533 323 2
566 282 644 323 ete.

199 338 414 383 durities
451 351 537 395 9ep
578 341 632 381 18
674 337 773 393 (ter)
810 339 852 381 et
880 349 999 382 nom.

220 398 348 454 plur.
367 402 422 441 27
442 395 655 452 (duritias
674 400 743 439 26.
778 394 999 439 duritiam

228 460 295 500 ter
326 460 405 511 43,
445 455 527 500 abi
565 456 635 499 bis
665 454 884 498 duritiem
907 455 998 510 ΡΟ).

199 514 512 571 dysenteria:
552 513 816 558 dissinteria
857 526 911 569 ep
941 517 999 557 48

229 574 304 630 (cf.
337 572 566 629 dissuria).

199 658 227 692 e
252 667 308 684 ==
333 647 413 692 lat.
438 659 493 691 ae
526 647 587 704 (e)
606 646 871 702 pleramque
894 649 935 690 et
956 660 999 704 9.

230 727 286 743 =
316 718 384 763 9r.
417 721 489 749 aa:
523 706 743 760 esteseos,
769 704 1000 760 dieresim,

227 765 478 822 poliemos,
555 766 755 820 ematos,
830 764 1000 820 pthoes

229 819 462 879 (φθόαις),
487 822 696 868 cacexies
725 823 1000 880 (καχεξίαις)

230 886 308 939 75,
352 895 403 926 66
442 882 565 937 (καί)
605 886 660 926 71
701 886 780 926 ete.
825 882 1002 937 (contra

229 941 307 985 lat.
342 954 397 984 ae
429 961 485 977 ==
515 953 583 997 9r.
611 956 631 984 ε
660 941 714 984 in
745 940 1002 997 caephalea

227 1004 307 1055 41,
359 999 734 1056 caephalopodas
787 1004 868 1056 40,
923 999 1001 1044 dia

229 1058 475 1115 coephales
505 1063 576 1114 35,
608 1059 884 1103 caelidonon
907 1060 998 1115 37).

199 1131 430 1177 educatio
456 1133 514 1189 (9,
541 1131 725 1176 eductio
742 1134 836 1188 cp):
861 1131 1000 1176 tussi-

230 1191 335 1235 cula
366 1204 472 1235 cum
505 1190 742 1247 sanguinis
774 1204 1000 1248 supernae

229 1249 518 1294 educationis
545 1250 876 1294 ‘reiactatione
927 1255 999 1295 39.

227 1308 448 1353 trociscus
461 1309 520 1352 ad
529 1308 767 1364 sanguinis
777 1323 1000 1366 supernae

230 1367 520 1412 educationis
554 1367 907 1412 reiactationem
938 1369 999 1412 ib.

200 1440 444 1486 eiecturia
482 1442 557 1496 (=
589 1440 882 1498 diaforetica)
931 1454 1000 1486 sa-

229 1499 358 1544 natio
394 1503 465 1543 52.

199 1558 469 1603 elaterium
487 1557 776 1615 (elacterium
785 1559 840 1615 p)
860 1559 998 1604 deser.

229 1621 255 1660 s
288 1617 366 1673 (cf.
401 1615 534 1660 Ptin.
569 1621 641 1672 20,
673 1619 733 1673 3).

197 1675 532 1721 electuarium
569 1689 599 1732 9
631 1679 701 1720 21.
735 1680 806 1720 34.
839 1679 910 1720 40.
943 1680 999 1719 41

228 1735 350 1790 (item
373 1747 397 1779 σ
413 1739 484 1778 21.
511 1739 569 1778 40
592 1735 669 1779 sed
693 1734 1001 1779 elactuarium

228 1822 251 1852 σ
289 1812 361 1853 41.
402 1812 460 1852 34
491 1812 532 1852 et
565 1808 663 1852 6166
698 1813 776 1864 66,
809 1811 933 1853 elact
963 1823 1000 1865 p

229 1872 299 1911 34.
331 1871 402 1910 40.
437 1871 506 1911 41.
542 1871 598 1910 66
629 1868 707 1912 sed
738 1867 1001 1912 elictarium

224 1940 258 1982 p
290 1927 386 1980 21),
427 1925 700 1970 electarium
734 1926 859 1973 Orib.
891 1931 970 1972 etc.

199 1984 420 2029 elixatus
453 1989 521 2028 22.
556 1989 627 2029 39.
663 1989 717 2028 61
750 1989 829 2030 ete.

199 2042 417 2088 ellebori
440 2044 574 2100 (96η.)
594 2057 764 2100 semper
779 2049 821 2088 et
841 2058 872 2101 9
895 2046 999 2102 (ep).

200 2101 459 2147 embrocae
485 2102 727 2147 embrocas
745 2104 903 2147 laneas
927 2109 999 2147 42.

230 2161 318 2206 abl.
348 2161 566 2205 embroca
598 2165 653 2204 61
684 2162 754 2206 vel
785 2163 999 2206 embroce

227 2232 282 2276 cp
314 2224 386 2265 46.
418 2224 488 2263 61.
524 2224 592 2263 71.

199 2277 490 2323 embrocare
525 2284 547 2321 1
581 2282 658 2322 etc.
691 2291 834 2334 saepe.

198 2335 559 2382 embrocismus
597 2341 655 2380 42
695 2341 774 2381 ete.
811 2338 997 2392 passim.

198 2397 440 2441 emmotos
480 2395 605 2440 clora
646 2401 714 2440 19.
749 2400 805 2440 22
842 2394 999 2453 (ἔμμο-

228 2469 311 2498 τον
373 2450 553 2511 χλωρὸν
616 2467 674 2500 sc.
745 2452 999 2511 φάρμακον

229 2512 365 2570 Gal).
461 2514 765 2568 eonfwnditwr
838 2515 999 2558 moton

228 2568 406 2628 (μοτόν)
445 2573 498 2616 in
536 2586 624 2629 quo
656 2570 857 2630 ἔμμοτον
890 2574 997 2628 (me-

228 2630 542 2676 dicamentum
577 2631 710 2675 melli
740 2631 999 2676 admixtum

228 2703 252 2732 e
296 2692 449 2735 moto
493 2690 628 2735 tilto
660 2704 893 2748 apponere
928 2695 997 2736 19.

229 2752 285 2791 22
341 2749 421 2793 ubi
467 2751 669 2794 emmoto
716 2750 877 2806 codd.)
940 2750 997 2804 ef.

231 2807 334 2851 Gal.
379 2808 555 2862 XIII,
603 2813 698 2854 520
744 2808 899 2864 (τοῦτο
943 2804 996 2852 τὸ

1161 234 1374 276 αρμακον
1407 253 1417 262 .
1450 253 1461 262 .
1496 253 1506 262 .
1539 215 1793 277 ἄνιεμένον
1816 215 1877 265 δι’

1147 278 1282 322 λαίου
1321 276 1402 322 καὶ
1435 275 1636 335 ἔμμοτον
1680 274 1886 324 ἐπιτιθέ-

1119 339 1280 394 μενον)
1312 341 1390 381 etc.
1437 337 1495 391 cf.
1531 335 1655 382 Orib.
1686 336 1765 394 VI,
1800 342 1884 383 158

1119 395 1329 440 mutariis
1374 396 1426 440 id
1472 397 1542 440 est
1587 395 1767 453 car-pias
1796 397 1887 441 'de-

1118 454 1231 498 foris
1268 454 1430 511 inponi
1464 456 1684 526 opportet
1714 455 1789 512 (=
1817 469 1885 513 9r.

1119 513 1176 569 V,
1208 519 1293 558 363
1325 519 1423 564 τοῖς
1454 514 1648 570 μοτοις).
1701 515 1766 560 id.
1802 519 1884 559 173

1121 586 1226 617 cum
1256 572 1468 617 mutariis
1500 572 1597 630 (Aa
1620 593 1675 609 =
1699 572 1887 617 inmotis

1118 631 1194 676 Ab
1218 652 1275 668 =
1302 636 1400 682 τοῖς
1432 627 1649 688 ἐμμότοις
1678 631 1735 687 V,
1768 633 1887 687 378).

1119 690 1321 736 mutaria
1351 691 1435 745 (vel
1465 690 1685 746 motat-ia)
1714 690 1888 735 munda

1119 749 1199 806 VI,
1224 753 1310 793 385
1334 753 1412 794 etc.
1461 748 1579 795 C'ael.
1610 750 1701 794 chr.
1736 754 1778 806 3,
1805 754 1889 794 134

1119 809 1370 853 motarium
1400 822 1523 865 aqua
1551 808 1769 853 infusum.

1092 867 1427 924 encolpismos
1466 872 1535 912 78.

1091 926 1409 983 encolpizare
1443 931 1510 970 78.
1554 940 1557 943 “

1091 986 1267 1030 eneter
1298 1011 1354 1017 -
1385 985 1477 1029 vid.
1511 985 1595 1029 lex.
1627 998 1695 1042 9r.

1089 1055 1231 1102 epar,
1257 1043 1423 1101 epatiS,
1448 1044 1584 1100 epate
1600 1056 1732 1099 saepe
1751 1043 1889 1100 (ieco-

1119 1103 1182 1147 ris
1216 1105 1304 1160 71).

1091 1162 1289 1218 epatica
1318 1160 1472 1218 passio
1496 1159 1576 1204 ¹44.

1092 1220 1348 1275 equidem
1396 1220 1522 1276 quod
1569 1219 1783 1276 equidem
1829 1221 1888 1276 (9,

1122 1279 1311 1336 quidem
1342 1281 1414 1336 ep)
1447 1283 1517 1323 37.

1091 1352 1363 1398 eremizato
1393 1353 1506 1398 folle
1539 1356 1609 1396 51.

1093 1437 1306 1482 erogare
1326 1427 1560 1483 (humores
1569 1439 1652 1483 per
1661 1426 1889 1482 ventrem)

1091 1554 1291 1588 ervum:
1349 1543 1566 1599 herbum,
1619 1542 1754 1587 berbi
1804 1556 1890 1599 9610

1122 1603 1261 1658 (uncle
1291 1606 1333 1646 et
1361 1602 1504 1661 herbe
1543 1615 1572 1658 9
1607 1604 1683 1657 21)
1715 1606 1785 1646 21.
1817 1606 1889 1646 36.

1120 1665 1178 1704 40
1219 1661 1335 1717 (bis).

1122 1720 1241 1774 (bis).
1299 1719 1399 1764 erbi
1435 1720 1565 1765 semel
1593 1732 1623 1776 9
1654 1724 1711 1762 40
1744 1719 1892 1775 (tertio

1122 1779 1247 1836 loco).
1310 1778 1507 1823 diorobu
1544 1778 1575 1822 i.
1616 1778 1673 1822 de
1715 1779 1826 1822 erbo
1868 1791 1892 1821 σ

1121 1841 1182 1882 40
1221 1838 1418 1894 (brevius
1453 1837 1538 1882 hei·
1574 1851 1597 1881 c
1627 1842 1696 1882 21.
1729 1841 1800 1882 40.
1833 1841 1890 1881 48

1122 1898 1233 1953 etc).
1311 1897 1370 1951 cf.
1414 1896 1505 1941 Ed.
1547 1896 1698 1941 Diocl.
1744 1896 1891 1950 hervi,

1120 1955 1360 2000 herbiliae.

1092 2029 1303 2074 eschara
1334 2030 1407 2085 (=
1434 2030 1510 2074 lat.
1546 2030 1700 2073 crusta
1731 2032 1800 2072 67.
1835 2032 1890 2072 68

1120 2101 1176 2132 ex
1228 2089 1392 2145 quibus
1445 2089 1554 2133 locis
1605 2089 1673 2132 sic
1720 2101 1891 2144 semper

1119 2148 1243 2192 vides
1282 2148 1544 2203 escharam,
1587 2151 1637 2191 at
1665 2159 1760 2191 non
1789 2159 1891 2191 c‘am

1120 2206 1351 2250 codicibus
1419 2218 1597 2250 scaram
1657 2205 1890 2262 leqe‘ndum

1119 2277 1209 2308 esse
1239 2265 1367 2320 apud
1398 2262 1645 2319 Cassium:
1689 2276 1819 2307 scara
1860 2277 1890 2320 9

1120 2325 1222 2379 (22,
1254 2324 1303 2367 et
1333 2336 1488 2378 scara,
1519 2337 1624 2367 cum
1656 2335 1788 2367 scara
1817 2327 1888 2367 32.
1982 2366 1991 2373 ,

1120 2383 1197 2437 36)
1228 2395 1330 2426 eum
1353 2394 1406 2438 cp
1432 2382 1614 2438 (schara
1640 2386 1696 2438 pc
1720 2385 1790 2425 22.
1817 2385 1888 2437 67,

1119 2454 1299 2485 asearas
1336 2454 1375 2497 p
1422 2445 1500 2497 32,
1552 2444 1604 2484 ut
1649 2440 1891 2496 Escolapii

1119 2500 1215 2543 cod.
1257 2498 1433 2544 Cassia.
1476 2514 1581 2543 eum
1619 2513 1800 2543 ascai-as
1833 2519 1888 2535 =

1121 2572 1226 2602 cum
1257 2572 1409 2603 scaras
1440 2559 1587 2615 Any„
1620 2558 1773 2614 Gall).

1090 2631 1242 2676 etiam
1282 2633 1333 2676 et
1365 2634 1424 2688 (1.
1459 2637 1499 2676 2.
1533 2637 1573 2676 6.
1607 2637 1631 2675 7
1665 2633 1761 2687 ete.)
1795 2643 1889 2675 sae-

1111 2691 1312 2746 pissime.
1366 2695 1419 2735 ut
1441 2704 1527 2735 1166
1550 2704 1642 2735 11611
1673 2690 1814 2734 etiam
1848 2694 1888 2745 6,

1117 2750 1187 2794 ita
1224 2754 1266 2794 et
1303 2764 1387 2795 nec
1425 2764 1518 2794 non
1557 2749 1699 2794 etiam
1738 2750 1786 2793 et
1818 2751 1887 2792 18.

1120 2812 1190 2853 29.
1241 2813 1309 2854 71.
1367 2809 1509 2853 etiam
1555 2808 1692 2852 simul
1732 2810 1778 2851 et
1817 2810 1888 2851 23.

1393 1665 1463 1705 41.
1507 1665 1579 1705 43.
1618 1664 1689 1705 48.
1729 1665 1800 1704 49.
1835 1665 1890 1704 76
1963 1709 1967 1712 ,
