2004 3186
815 156 876 162 —
959 126 1210 179 106—

324 249 592 298 curationis
630 262 747 297 vero
795 252 1018 312 tempore
1063 246 1344 297 flebotomia
1382 248 1433 296 in
1471 260 1621 296 manu
1659 247 1859 297 sinistra

177 321 391 373 adhibita
445 323 577 371 circa
630 320 847 370 medium
893 320 1101 386 digitum
1145 322 1387 371 minorem
1441 319 1623 370 desinit
1674 320 1860 386 splenis

177 398 405 447 extantia.

324 471 571 519 trociscus
611 484 671 518 ex
708 467 919 533 Filagrio
959 470 1256 518 conveniens
1296 467 1580 532 spleneticis
1611 474 1662 517 et
1692 467 1858 518 ortho-

130 552 152 585 5
178 544 369 609 pnoicis
407 542 457 592 id
497 549 573 592 est
618 544 662 591 is
708 543 794 607 qui
844 541 904 590 ab
952 541 1122 607 splene
1168 541 1439 592 anhelitum
1484 542 1740 607 patiuntur
1785 540 1863 591 vel

178 623 316 667 recto
348 615 596 666 schemate
634 617 851 665 iacentes
883 615 1247 680 praefocantur.
1307 615 1520 666 traditur
1557 616 1688 665 enim
1728 613 1861 679 quod

178 706 268 756 per
298 692 493 740 urinam
531 689 751 754 splenem
795 695 1018 739 attenuet
1054 695 1105 739 et
1144 691 1409 739 extantiam
1446 690 1602 755 ipsius
1634 687 1860 739 deducat.

180 765 358 829 accipit
402 769 567 813 autem
615 762 816 812 struthii
861 761 1043 812 herbae
1097 762 1279 813 radicis
1330 764 1488 813 siccae
1535 769 1586 812 et
1639 763 1863 828 capparis

178 837 357 887 radicis
405 839 563 887 siccae
608 826 811 886 corticis
858 843 908 885 et
953 836 1303 902 chamaedryos
1350 843 1400 887 et
1445 837 1646 902 panacis
1685 835 1865 885 radicis

114 921 156 953 10
181 919 231 961 et
261 912 508 961 tamaricis
540 911 758 976 seminiS‚
797 911 1018 960 omnium
1050 911 1269 976 quinque
1300 912 1438 976 paria
1468 909 1709 975 pondera:
1749 923 1865 959 cum

179 991 317 1034 aceto
365 983 628 1049 squillitico
667 983 967 1048 colliguntur
1006 991 1057 1034 et
1100 985 1305 1034 trocisci
1342 984 1648 1049 singularum
1691 982 1864 1032 drach·

178 1072 370 1107 marum
408 1057 740 1107 informantur
787 1064 836 1107 et
881 1059 933 1106 in
970 1056 1146 1107 umbra
1185 1058 1512 1107 exsiccantur.
1584 1072 1645 1105 ex
1684 1054 1865 1121 quibus

180 1147 333 1181 unum
370 1133 550 1180 ieiunis
590 1146 704 1180 cum
743 1130 981 1197 oxymelle
1021 1137 1071 1180 et
1109 1132 1268 1196 apiata
1306 1130 1461 1180 calida
1499 1129 1651 1180 dabis,

327 1204 457 1254 aliud
503 1204 562 1259 ad
609 1204 845 1270 splenem.
917 1204 1141 1255 filonium
1193 1204 1468 1255 antidotum
1521 1218 1635 1254 cum
1689 1202 1864 1268 frigida

115 1287 156 1320 15
180 1293 305 1343 aqua
335 1279 494 1343 apiata
524 1279 704 1328 ieiunis
743 1278 904 1345 dabis,
941 1278 1104 1328 hieme
1135 1293 1253 1328 vero
1286 1294 1400 1328 cum
1432 1277 1619 1344 tepida,
1651 1284 1701 1327 et
1730 1283 1865 1342 post-

180 1366 326 1416 quam
391 1350 588 1401 dederis
597 1391 612 1419 ,
669 1367 820 1417 supra
874 1352 1080 1402 eandem
1131 1357 1326 1418 partem
1385 1358 1644 1417 aegrotum
1703 1352 1866 1401 iacere

179 1424 373 1475 iubebis
419 1427 486 1475 ita
533 1432 590 1474 ut
635 1440 810 1476 manus
847 1427 1005 1491 ipsius
1042 1427 1250 1476 iacentis
1295 1432 1410 1491 post
1447 1426 1652 1476 dorsum
1690 1423 1869 1474 habeat

179 1500 491 1564 positionem.

329 1571 389 1621 ad
420 1571 643 1637 splenem
668 1568 892 1638 ⁷<potio>
933 1588 1058 1637 quae
1096 1588 1187 1638 per
1226 1574 1421 1622 urinam
1458 1572 1592 1638 longi
1630 1573 1869 1638 temporis

115 1657 157 1688 20
183 1644 404 1711 splenem
435 1645 734 1695 attenuando
766 1645 981 1696 deducit.
1041 1645 1298 1696 betonicae
1337 1645 1520 1696 herbae
1550 1647 1697 1695 tritae
1736 1647 1771 1700 5
1803 1645 1870 1694 Ill

299 1777 323 1815 1
357 1772 407 1816 in
436 1784 579 1816 manu
608 1785 692 1816 om.
725 1786 763 1817 c.
905 1772 1115 1818 sinistraz
1147 1772 1205 1826 cf.
1238 1771 1342 1817 Gal.
1379 1772 1451 1829 X,
1481 1776 1585 1818 904.
1731 1777 1757 1816 2
1789 1771 1869 1817 ad-

179 1829 335 1875 hibita.
364 1845 408 1875 c:
448 1832 495 1876 et
529 1830 695 1876 habita
725 1832 865 1888 (hita)
885 1846 938 1889 Ρ.
1058 1831 1266 1876 medium
1290 1844 1374 1876 om.
1399 1845 1422 1876 c
1446 1827 1586 1887 (κατὰ
1610 1827 1694 1876 τὸν
1717 1827 1869 1887 παρά-

180 1905 323 1946 μεσον
355 1885 587 1934 δάκτυλον
619 1889 724 1935 Gal.
759 1891 866 1947 XI,
897 1895 1008 1937 296.
1063 1891 1122 1946 cfi
1153 1889 1257 1938 Aet.
1279 1895 1356 1945 10,
1386 1895 1441 1934 11
1466 1904 1519 1947 Ρ.
1545 1891 1670 1947 639).
1790 1890 1870 1936 de·

180 1948 344 2004 primit
374 1963 408 1992 s.
442 1948 702 1994 extantium
724 1963 777 2006 Ρ.
898 1954 927 1994 4
957 1950 1160 1995 trociscfi
1190 1962 1259 2006 οΡ.
1379 1948 1566 2007 filagrio
1602 1963 1647 2005 c,
1685 1948 1868 2006 filagrio

173 2021 211 2063 Ρ
243 2008 335 2062 (hic
371 2020 466 2052 non
503 2011 629 2052 extat
663 2009 785 2054 inter
821 2009 967 2054 multa
1007 2008 1243 2066 Philayrii
1299 2010 1427 2065 apud
1466 2009 1652 2054 Aetium
1687 2012 1770 2064 10,
1813 2012 1867 2052 11

179 2067 259 2121 (cf.
299 2071 346 2120 8,
384 2070 464 2121 57)
504 2067 581 2111 sed
626 2071 690 2111 est
726 2068 1041 2112 Andromachi
1084 2068 1212 2124 apud
1258 2067 1483 2112 Galerium
1526 2067 1702 2121 XIII,
1743 2069 1870 2123 241).

181 2124 406 2227 ξρὲοηθίιίὂ
431 2138 688 2193 p‚···-cum
717 2139 752 2170 c.
863 2185 873 2194 Ο
898 2125 1227 2194 orthomnoicis
1257 2140 1302 2180 c,
1335 2124 1591 2171 orth'odico
1625 2127 1695 2182 (in
1725 2139 1869 2183 marg.

180 2184 597 2287 iacegdtizhgndlmg)
616 2189 827 2291 ‹ss'ducag'
845 2200 876 2289 c1
878 2200 899 2288 2S
910 2186 1126 2289 ’ἀεξιίιὶῗιθξέ
1153 2198 1305 2289 gezi-ag
1308 2218 1317 2227 ’
1321 2257 1371 2299 Ρ.
1439 2185 1521 2288 a³08
1531 2198 1789 2299 cAcamgafi
1820 2191 1868 2289 οἳ

182 2302 225 2354 R
249 2314 299 2357 Ρ.
422 2301 566 2346 struci
587 2316 647 2359 Ρε
678 2303 838 2347 struen
869 2317 905 2349 c.
1028 2309 1054 2348 9
1079 2302 1346 2348 camedreos
1369 2316 1392 2348 c
1416 2302 1605 2358 (—deos
1620 2303 1692 2359 Ρ).
1816 2308 1870 2347 10

180 2359 418 2404 tamaricis
480 2360 724 2417 (tamaraci
776 2362 831 2418 Ρ)
895 2361 1082 2406 seminis
1144 2382 1201 2400 π
1261 2362 1459 2419 μυρίκης
1517 2361 1703 2418 καρποῦ
1764 2361 1869 2406 Gal.

183 2418 391 2462 omnium
429 2418 471 2462 V
510 2433 554 2463 c:
595 2432 680 2466 om.
711 2434 762 2476 Ρ.
942 2421 1075 2478 paria
1111 2420 1317 2477 pondera
1348 2434 1406 2477 p:
1448 2420 1554 2477 pari
1594 2419 1799 2478 pondere
1831 2435 1868 2466 c.

187 2482 239 2520 11
266 2477 451 2534 sqlitico
479 2491 548 2534 ⁶11·
647 2479 832 2535 colligis
856 2513 866 2522 .
894 2515 904 2524 .
931 2514 941 2524 .
968 2479 1207 2536 (trociscos
1234 2516 1243 2524 .
1270 2511 1281 2522 .
1308 2481 1335 2535 .)
1366 2479 1416 2524 in
1439 2480 1612 2525 formas
1637 2515 1647 2524 .
1674 2515 1684 2526 .
1712 2515 1721 2524 .
1747 2479 1870 2524 sicca

185 2537 285 2592 (sie)
309 2550 361 2592 Ρ.
507 2542 561 2581 13
593 2537 759 2582 ieiunis
791 2552 835 2583 c:
866 2553 950 2583 om.
975 2553 1028 2595 Ρ.
1163 2538 1380 2583 oximelle
1412 2552 1479 2596 ep.
1601 2538 1793 2596 appiata
1824 2553 1867 2583 c:

184 2594 343 2652 opiata
373 2609 424 2652 Ρ.
607 2601 663 2640 14
700 2596 910 2642 filonium
948 2611 993 2654 e,
1031 2597 1194 2642 fflonos
1227 2611 1279 2654 Ρ.
1462 2602 1516 2642 15
1558 2611 1682 2654 aqua
1715 2610 1799 2642 om.
1833 2612 1870 2642 c.

182 2653 392 2698 ieiunum
415 2668 453 2710 c,
483 2654 651 2700 ieiunis
673 2669 725 2711 Ρ.
846 2669 955 2701 vero
983 2669 1066 2701 om.
1084 2671 1136 2713 Ρ.
1261 2661 1315 2700 16
1348 2659 1562 2714 egrotum
1585 2681 1640 2689 —
1669 2657 1763 2712 (19)
1786 2670 1870 2714 per

183 2725 265 2756 om.
299 2726 335 2757 c.
487 2719 541 2758 19
581 2714 655 2758 Ad
695 2715 839 2772 splefi.
875 2719 908 2772 ξ
947 2716 1072 2772 (que)
1105 2729 1142 2772 Ρ
1175 2717 1284 2772 (Ρνο
1322 2715 1456 2773 potio
1493 2716 1660 2772 quae?)
1812 2721 1870 2760 20

184 2771 389 2826 splenem
412 2773 648 2818 tenuando
662 2787 714 2841 Ρ,
747 2774 992 2831 splenetici
1016 2775 1302 2820 attenuando
1327 2789 1362 2820 c.
1483 2774 1568 2818 her
1600 2773 1711 2819 trite
1734 2776 1779 2825 3.
1804 2774 1871 2818 III

186 2843 290 2873 cum
322 2830 448 2887 (vino
479 2831 613 2888 nigro
646 2833 790 2877 clatos
822 2834 919 2889 etc.)
953 2847 996 2890 c,
1027 2833 1172 2879 herbe
1202 2837 1229 2884 3
1264 2833 1342 2878 III.
1376 2834 1498 2878 teres
1530 2846 1637 2877 cum
1660 2847 1708 2890 Ρ.
