2004 3186
799 117 1200 170 —159—

153 237 304 285 mixto
353 243 403 285 et
448 236 641 286 modico
688 237 802 287 sale.
874 243 992 288 tunc
1039 245 1089 288 et
1133 238 1413 289 flebotomia
1460 241 1510 289 in
1556 234 1833 306 praedictae

153 311 398 375 passionis
436 310 659 375 periculo
691 310 900 361 adiuvat.
964 318 1014 360 et
1050 311 1273 362 lanarum
1305 313 1599 363 mundarum
1636 330 1696 364 ex
1726 316 1833 365 oleo

153 383 537 433 chamaemelino
583 383 938 434 involutionem
986 381 1263 451 adhibebis,
1317 393 1367 436 et
1414 393 1561 452 caput
1612 389 1834 452 ipsorum

153 472 211 506 ex
258 463 397 507 aceto
445 465 495 507 et
540 472 742 507 rosaceo
790 457 898 507 oleo
947 457 1275 521 embrocabiS‚
1336 466 1385 510 et
1433 460 1691 510 humorem
1738 461 1834 511 col-

150 529 335 580 lectum
388 532 439 580 in
493 533 700 581 arterias
754 533 970 596 gutturis
1026 539 1075 582 et
1127 533 1364 601 thoraciS,
1427 549 1486 583 ex
1544 549 1640 598 quo
1694 550 1832 600 prae·
1856 545 1877 579 5

151 605 410 654 focationis
457 606 674 655 causatio
721 605 962 672 efficitur,
1018 607 1147 656 sicut
1191 608 1243 656 in
1289 607 1572 672 lethargicis
1625 608 1832 674 aposseg·

151 679 391 728 matismis
442 678 752 744 depurgabiS.
823 681 969 728 etiam
1008 686 1059 729 et
1097 680 1288 745 oxymel
1333 680 1632 746 propinabis
1702 684 1836 732 novit

151 753 282 801 enim
321 751 540 801 incidere
580 767 778 802 omnem
815 751 1075 802 humorem
1115 755 1423 804 crassiorem.

629 898 790 949 LXVI.
852 901 931 949 Ad
971 901 1358 966 pleureticos.

298 1002 387 1052 Est
425 1008 589 1051 autem
634 1002 862 1068 pleuritis
902 1005 1118 1053 causatio
1165 1005 1217 1053 in
1256 1018 1353 1053 una
1398 1011 1538 1069 parte
1585 1003 1832 1070 pulmonis
1858 1015 1901 1048 10

149 1085 200 1128 et
244 1077 572 1143 hypezocotos
619 1076 669 1126 id
718 1085 793 1126 est
839 1077 1050 1127 laterum
1098 1076 1434 1144 membranae,
1485 1093 1544 1127 ex
1585 1094 1679 1143 qua
1718 1094 1833 1128 con-

149 1153 297 1216 tingit
334 1150 444 1199 fieri
483 1149 622 1199 dolor
661 1150 803 1200 lateri
841 1152 1060 1216 patienti.
1124 1153 1349 1216 sequitur
1388 1158 1551 1201 autem
1590 1154 1832 1217 patientes

149 1225 303 1275 febris
336 1230 500 1289 acuta,
540 1223 680 1273 dolor
718 1226 950 1289 patientis
982 1224 1078 1274 loci
1115 1226 1291 1289 ingens
1322 1240 1481 1290 usque
1512 1225 1572 1274 ad
1610 1225 1833 1290 iugulum

148 1306 198 1349 et
235 1298 408 1365 palam.
470 1297 708 1347 tussicula
745 1299 891 1347 etiam
925 1305 975 1347 et
1005 1299 1259 1347 reiactatio
1298 1298 1539 1361 flegmatis
1573 1298 1832 1363 aliquando

146 1374 326 1422 viscosi
357 1370 617 1436 aliquando
651 1372 816 1421 tenuis
842 1378 891 1421 et
915 1373 1136 1437 spumosi
1167 1371 1427 1437 aliquando
1457 1371 1831 1436 sanguinolenti.
1859 1382 1900 1415 15

148 1454 198 1496 et
244 1446 478 1511 aliquanti
525 1456 697 1510 super*
731 1444 902 1494 dolens
955 1444 1084 1495 latus
1132 1445 1329 1495 schema
1382 1444 1573 1494 iacendi
1623 1444 1835 1495 libenter

146 1519 343 1570 habent.
415 1526 464 1568 et
510 1518 565 1567 fit
611 1518 687 1568 vel
734 1520 955 1568 nascitur
1010 1520 1060 1567 in
1107 1518 1339 1568 masculis
1384 1520 1538 1584 magis
1590 1533 1736 1583 quam
1781 1521 1833 1568 in

147 1594 366 1660 feminiS‚
406 1599 456 1642 et
488 1592 763 1642 secundum
795 1599 1002 1643 aetatem
1045 1591 1248 1642 senibus
1279 1594 1432 1657 magis
1466 1607 1610 1656 quam
1648 1594 1833 1641 iuveni·

146 1667 263 1734 huS‚
301 1669 352 1716 in
391 1668 561 1731 pueris
600 1681 717 1715 vero
759 1665 969 1715 difficile.
1047 1671 1097 1714 et
1136 1665 1410 1715 secundum
1449 1664 1673 1715 annualia
1712 1671 1833 1715 tem·

269 1904 289 1940 1
326 1898 374 1941 et
404 1909 487 1940 om.
523 1909 557 1940 c.
703 1891 912 1952 predicto
944 1908 979 1941 c.
1132 1900 1157 1938 3
1191 1894 1435 1940 camemilo
1469 1895 1574 1951 (sic)
1604 1908 1646 1939 c:
1683 1894 1834 1940 calido

147 1972 233 2026 (ca.
259 1985 318 2027 p,
352 1953 427 2018 032?
451 1970 527 2026 ΡΟ)
561 1983 611 2025 p.
762 1974 791 2014 4
830 1969 933 2014 oleo
976 1982 1019 2012 e:
1067 1968 1219 2014 calido
1250 1983 1300 2026 p.
1451 1967 1740 2014 embrocabis
1778 1983 1834 2025 p:

147 2028 471 2086 comprobabis
504 2029 552 2085 (l)
585 2041 621 2074 c.
773 2032 799 2072 5
838 2028 888 2072 in
923 2027 1098 2072 arciam
1130 2041 1165 2073 c.
1319 2033 1344 2072 6
1377 2043 1411 2072 s.
1444 2028 1493 2071 in
1524 2027 1751 2084 litargicis
1775 2041 1833 2083 p:

148 2089 267 2133 sicut
305 2088 488 2132 litarius
529 2101 564 2132 c.
688 2086 1058 2144 apoflegmaticis
1090 2101 1148 2143 p,
1187 2086 1312 2143 ipsos
1350 2086 1611 2131 mathismis
1650 2101 1685 2132 e.
1808 2091 1833 2130 7

146 2148 290 2192 etiam
323 2146 495 2192 oximel
527 2148 632 2204 (sic)
655 2160 714 2204 p,
747 2160 830 2190 om.
865 2159 899 2191 c.
1032 2149 1058 2189 8
1092 2145 1217 2190 enim
1249 2150 1290 2190 et
1320 2160 1504 2190 omnem
1534 2146 1580 2190 h.
1613 2159 1652 2192 c.
1683 2159 1766 2189 om.
1797 2159 1833 2189 e.

148 2221 421 2266 crassiorem
451 2220 530 2275 (cf.
563 2234 598 2265 c.
633 2225 732 2277 59):
773 2204 904 2265 εἶτ’)’τῖι
936 2221 990 2276 (ἓ)
1014 2233 1064 2275 p.
1209 2225 1235 2263 9
1266 2220 1336 2264 De
1367 2218 1569 2276 pleuresi
1590 2232 1642 2274 p.
1779 2222 1833 2261 10

145 2280 383 2337 pleuritis:
422 2279 691 2337 pleureticis
740 2281 847 2335 (sic)
877 2292 943 2335 cp.
1128 2283 1180 2322 11
1214 2280 1263 2322 et
1292 2284 1312 2323 i
1342 2277 1564 2335 herpedio
1597 2278 1703 2322 cota.
1733 2277 1763 2319 l.
1797 2290 1832 2333 e,

147 2339 357 2397 ethipedi
390 2339 524 2397 cocta
553 2338 584 2385 1.
610 2353 647 2396 p
680 2340 728 2394 (i.
761 2353 796 2383 e.
827 2337 1158 2395 bipediocota).
1302 2342 1354 2381 12
1385 2336 1523 2382 lateri
1553 2335 1757 2392 pacienti
1788 2349 1831 2379 c:

145 2398 308 2443 lateris
339 2396 562 2455 patientis
592 2412 629 2455 p
662 2398 777 2455 (—†.i
791 2400 881 2455 μ’).
1007 2402 1061 2441 13
1091 2395 1215 2441 feb'a
1245 2395 1505 2453 (febricula)
1529 2409 1579 2451 p.
1702 2393 1834 2437 dolor

147 2457 308 2502 lateris
340 2455 563 2514 patientis
594 2457 688 2502 loci
719 2471 786 2514 cp.
907 2455 1123 2513 iugulum
1147 2469 1182 2510 c,
1214 2455 1377 2512 ingulfi
1394 2469 1432 2512 p
1464 2452 1716 2510 (cingulum
1740 2453 1830 2518 310).

153 2520 208 2560 14
240 2516 375 2573 spala,
399 2530 436 2571 c,
465 2515 680 2574 plo(?)ltfi
702 2530 740 2573 Ρ
771 2516 945 2573 (palam
979 2514 1097 2560 Cael.
1131 2515 1250 2558 Aur.
1283 2527 1355 2558 ox.
1388 2519 1436 2568 2,
1469 2515 1554 2568 91).
1691 2512 1832 2554 etlam

149 2576 198 2619 et
228 2589 273 2621 c:
307 2580 331 2620 e
365 2576 472 2631 (est)
495 2588 546 2630 p.
667 2574 911 2620 reiactatio
937 2587 973 2628 c,
1003 2573 1194 2619 reiectio
1211 2587 1248 2630 p
1280 2570 1538 2628 (reiectatio
1563 2570 1654 2626 ΡΟ).
1777 2573 1829 2612 15

150 2635 198 2679 et
227 2648 311 2680 om.
345 2648 381 2679 e.
532 2633 786 2690 aliquantis
817 2648 875 2691 10,
915 2633 1043 2690 aliqfi
1076 2631 1356 2689 (-—qua.ndo)
1397 2645 1431 2676 e.
1586 2634 1638 2672 16
1672 2642 1755 2686 sup
1788 2640 1830 2670 c:

148 2697 194 2753 Sar
225 2711 399 2765 (supra)
425 2721 475 2764 p.
626 2707 824 2752 iacentis
856 2721 891 2751 c.
1046 2711 1098 2751 17
1133 2708 1180 2750 et
1210 2706 1275 2749 sic
1305 2705 1510 2748 nascitur
1542 2715 1584 2758 c,
1625 2704 1673 2746 et
1703 2701 1754 2743 fit
1787 2702 1833 2743 et

144 2767 350 2813 nascitur
374 2781 411 2824 p
441 2766 520 2821 (cf.
558 2780 593 2811 c.
627 2768 720 2821 71).
867 2771 921 2811 18
954 2767 1102 2810 etates
1134 2778 1169 2809 c.
1304 2762 1454 2819 magis
1487 2775 1569 2806 om.
1603 2774 1638 2804 c.
1778 2762 1829 2800 19

147 2827 338 2871 annalia
367 2827 472 2882 (sic)
503 2839 571 2882 cp.
