2004 3186
794 128 856 133 -
946 97 1195 149 109—

153 225 208 268 et
260 216 453 283 oxymel
506 218 672 266 ieiuno
718 231 833 266 cum
879 218 1035 282 apiata
1090 215 1249 283 dabis,
1304 226 1353 268 et
1402 226 1515 285 post
1561 219 1666 269 dies
1712 229 1839 270 cata-

158 292 408 358 plasmatis
456 289 676 356 expletos
721 288 889 340 Nileos
943 290 1198 356 splenicon
1250 291 1558 358 lexipyreton
1610 309 1840 358 appones.

152 373 207 415 et
253 365 515 414 conficitur
561 365 646 413 sic.
715 378 881 431 cerae,
931 366 1223 415 ammoniaci
1266 372 1459 432 guttae,
1508 366 1603 416 olei
1652 370 1842 418 rosacei

156 451 213 490 «ζα
252 438 343 504 111,
380 439 518 488 croci
554 435 590 491 3
628 436 781 503 VIIII,
820 436 953 487 aloes
990 435 1026 492 3
1065 438 1141 487 vl.
1243 438 1394 503 aliqui
1431 449 1597 489 tamen
1635 442 1768 490 croci
1806 441 1841 495 5

155 512 217 562 v1
254 514 472 562 mittunt.
532 513 660 561 aceti
697 511 830 576 quod
869 512 1123 562 suffecerit
1154 512 1214 562 ad
1246 512 1603 563 conterendum
1639 528 1840 564 crocum
1865 525 1885 558 5

152 594 206 636 et
243 592 432 650 guttam
473 586 778 635 ammoniaci.

466 731 656 782 XLIIlI.
718 732 798 781 Ad
839 735 1131 798 epaticam
1170 735 1523 798 passionem⁴

302 835 394 884 Est
447 842 613 885 autem
667 837 857 901 epatica
906 839 1069 902 passio
1124 839 1343 886 causatio
1392 839 1444 886 in
1499 844 1663 903 epate,
1717 851 1840 902 quae

154 911 399 974 contingit
445 924 559 959 cum
613 915 809 959 tumore
854 911 1117 960 viscerum.
1200 910 1321 960 haec
1372 912 1511 976 signa
1563 909 1841 960 laborantes

155 991 409 1034 secuntur.
471 990 549 1032 est
584 982 725 1032 dolor
763 983 964 1034 dextrae
995 985 1151 1050 partis
1183 992 1234 1034 et
1263 986 1477 1034 extantia
1507 986 1754 1034 viscerum
1793 991 1842 1034 et
1867 995 1908 1027 ιο

156 1065 335 1107 tumor.
397 1056 576 1106 dehine
616 1073 729 1107 cum
768 1059 932 1122 passio
972 1060 1206 1124 creverit,
1253 1058 1513 1123 indigestio
1553 1059 1842 1122 frequenter

156 1133 391 1181 nascitur.

302 1207 354 1254 in
393 1203 733 1254 curationibus
773 1221 889 1254 vero
929 1205 1210 1255 flebotomia
1247 1208 1299 1255 in
1337 1205 1539 1254 brachio
1578 1204 1751 1254 dextro
1790 1206 1840 1253 in

154 1294 277 1328 vena
325 1293 441 1328 cava
478 1277 639 1328 media
682 1279 956 1328 secundum
995 1281 1126 1329 vires
1171 1280 1406 1345 patientis
1452 1277 1668 1328 adhibita
1704 1276 1840 1327 utilis

154 1351 520 1418 comprobatur.
1868 1362 1906 1393 15

249 1489 253 1494 Ι
301 1425 446 1475 aliud.
516 1427 670 1475 tritici
716 1426 872 1475 farina
918 1427 970 1475 in
1016 1426 1306 1476 decoctione
1346 1425 1579 1475 absinthii
1624 1433 1672 1475 et
1711 1426 1840 1474 aneti

157 1506 297 1550 cocta
336 1507 387 1549 et
424 1501 647 1566 apposita
684 1500 736 1549 in
775 1499 972 1550 sacculo
1011 1500 1202 1550 inclusa
1240 1499 1461 1550 dolorem
1500 1500 1703 1564 mitigat.

301 1572 447 1623 aliud.
510 1573 735 1623 artemeli
773 1573 1067 1639 cataplasma
1097 1573 1370 1624 adhibitum
1402 1581 1478 1623 est
1508 1572 1838 1622 utilissimum.

301 1646 447 1697 aliud.
509 1646 743 1696 absinthii
779 1649 968 1712 pontici
1004 1648 1253 1697 infusione
1292 1649 1484 1697 ieiunos
1522 1644 1727 1711 potabis,

301 1720 447 1770 aliud.
518 1727 713 1770 costum
758 1722 938 1770 ieiunis
977 1720 1335 1770 masticandum
1378 1719 1538 1786 dabis,
1584 1725 1640 1768 ut
1675 1720 1839 1784 ipsum
1864 1728 1906 1761 20

154 1794 415 1844 humorem
452 1794 730 1860 inglutiant.
799 1801 849 1843 et
887 1796 938 1844 in
978 1794 1151 1844 eodem
1190 1794 1341 1844 latere
1382 1800 1639 1859 aegrotum
1677 1793 1837 1841 iacere

153 1867 362 1918 iubebis,

278 2030 300 2068 1
335 2023 552 2069 oximelle
583 2037 628 2080 c,
661 2023 816 2068 oximl'
843 2039 895 2081 p.
1028 2024 1188 2069 ieiunii
1219 2039 1264 2080 c,
1308 2025 1438 2068 -nis
1462 2038 1512 2081 p.
1635 2028 1660 2066 2
1692 2022 1840 2066 nileos

153 2100 187 2130 s,
221 2083 502 2140 lexiperiton
539 2096 595 2139 cp
635 2081 864 2139 (Νειλέως
895 2083 999 2128 Gal.
1035 2083 1205 2138 XIII,
1235 2088 1345 2130 182.
1404 2083 1461 2138 cf.
1503 2083 1679 2127 Νείλου
1717 2082 1840 2135 181).

153 2149 179 2188 3
217 2147 245 2193 3
279 2143 345 2186 III
376 2155 419 2198 c,
459 2145 533 2187 afi.
566 2144 609 2197 -ζ-
639 2142 707 2186 ΠΙ
730 2157 767 2199 p
799 2143 975 2199 (uncias
1013 2142 1194 2199 trinas).
1374 2147 1403 2186 4
1441 2147 1500 2187 δεῖ
1540 2145 1564 2192 3
1605 2140 1734 2185 VIIII
1772 2153 1840 2195 cp.

154 2203 258 2248 aloe
282 2216 331 2258 p.
512 2203 671 2246 tamen
709 2202 794 2257 (vel
825 2205 907 2257 asi,
951 2203 1147 2257 autem):
1187 2214 1270 2246 om.
1297 2216 1354 2258 p,
1388 2206 1445 2247 cu
1477 2202 1637 2257 (supra
1667 2201 1770 2254 scr.)
1804 2212 1839 2243 c.

153 2268 183 2313 5
213 2262 280 2307 Vl
310 2275 347 2317 c,
379 2268 409 2311 3
441 2261 505 2306 VI
528 2275 579 2317 p.
724 2264 750 2304 5
783 2259 956 2305 sufficit
985 2273 1054 2317 cp.
1182 2263 1229 2305 et
1259 2261 1320 2306 ad
1351 2262 1511 2317 (cont.)
1534 2274 1585 2317 p.
1737 2264 1762 2304 6
1795 2260 1842 2302 et

154 2323 235 2378 (g.)
278 2334 362 2365 om.
406 2334 442 2366 c.
617 2325 642 2363 ‘7
686 2319 762 2363 Ad
804 2320 1037 2377 epaticam
1075 2320 1338 2377 passionem
1382 2334 1405 2365 c
1447 2319 1540 2376 (Ad
1581 2319 1750 2375 epaten
1790 2317 1842 2361 in

155 2380 267 2424 Ind.
306 2393 436 2436 capp.
469 2381 548 2435 p),
591 2378 661 2423 De
700 2378 888 2436 epatica
924 2379 1138 2436 passione
1173 2394 1224 2437 p,
1406 2383 1462 2423 10
1493 2379 1566 2423 est
1597 2391 1640 2423 c:
1680 2390 1762 2422 om.
1788 2390 1839 2432 p.

156 2440 204 2482 et
236 2440 413 2482 tumor:
453 2441 502 2482 et
538 2438 658 2482 hfior
695 2452 740 2495 c,
780 2440 829 2483 et
864 2439 1004 2495 huon
1034 2453 1086 2494 p.
1233 2443 1285 2483 11
1327 2437 1561 2482 curaverit
1590 2450 1640 2492 p.
1785 2440 1838 2479 13

155 2511 265 2542 vero
311 2511 360 2542 c:
402 2498 561 2541 autem
599 2511 648 2553 p.
871 2497 928 2551 cf.
974 2498 1077 2542 Gal.
1124 2498 1213 2551 II,
1254 2501 1359 2542 904.
1427 2497 1532 2549 XI,
1574 2500 1638 2540 92
1691 2493 1838 2548 (Orio.

156 2556 268 2614 Syn.
302 2556 412 2610 IX,
441 2559 536 2611 18).
690 2561 742 2600 15
782 2557 1069 2613 approbatur
1099 2570 1135 2602 c.
1290 2561 1343 2601 17
1374 2556 1557 2601 dolores
1580 2568 1630 2611 p.
1785 2557 1837 2597 18

157 2629 392 2674 artomelli
422 2643 467 2683 c,
501 2629 664 2685 axo(=
690 2620 934 2687 arxo)m‘ffl’i
959 2645 994 2687 p
1026 2631 1104 2685 (cf.
1140 2630 1244 2675 Gal.
1278 2630 1339 2686 X,
1373 2633 1476 2674 796.
1509 2632 1632 2683 910).
1770 2629 1839 2672 est

155 2688 457 2733 utilissimum
496 2687 585 2745 (uti
622 2688 785 2733 illisiffi
814 2691 882 2734 sic
912 2704 957 2744 c,
998 2690 1050 2734 in
1079 2703 1221 2746 mary.
1246 2694 1306 2745 1³⁰
1344 2687 1567 2743 utillima)
1603 2701 1657 2743 p:
1701 2686 1838 2731 valde

156 2747 345 2791 utilimfi
376 2762 412 2792 c.
535 2752 590 2791 19
621 2747 802 2792 ieiunus
833 2763 878 2803 c,
911 2748 1040 2794 ieiufi
1064 2762 1114 2804 p.
1246 2752 1303 2792 20
1332 2747 1512 2791 ieiunus
1536 2760 1586 2802 1).
1709 2747 1756 2789 et
1785 2748 1839 2789 ut

153 2806 190 2851 i.
222 2807 267 2851 h.
301 2806 505 2863 glutiant
534 2805 785 2864 imperabis
811 2822 859 2864 p.
983 2813 1036 2852 21
1073 2810 1120 2852 et
1149 2807 1198 2851 in
1231 2820 1267 2851 e.
1300 2806 1330 2850 l.
1364 2805 1516 2850 iaceat
1550 2805 1651 2862 (sic)
1684 2817 1720 2849 c.
