2004 3186
956 132 1292 169 ——X—

282 235 428 280 LXVI
460 234 533 279 Ad
563 232 857 291 pleureticos.
1167 230 1381 276 LXXVII
1434 230 1504 275 Ad
1567 231 1964 289 praefocationem

281 293 451 338 LXVII
463 292 538 336 Ad
555 292 682 337 canis
694 290 844 336 rabidi
857 304 1076 335 morsum.
1152 322 1155 325 ι
1227 288 1451 334 matricis.

281 351 552 397 LXVIIIAd
563 349 841 407 falangionis
857 363 1075 393 morsum.
1166 347 1399 392 LXXVIII
1421 348 1495 392 Ad
1517 349 1839 406 procidentem
1867 363 1970 394 ma.-

281 410 495 455 LXVIIII
526 410 598 455 Ad
634 408 886 465 scorpionis
917 408 1076 455 ictum.
1226 406 1405 451 tricem.

281 469 405 515 LXX
435 469 508 513 Ad
538 468 765 525 fugandos
798 469 1050 523 serpentes.
1167 465 1427 511 LXXVIIII
1458 465 1530 510 Ad
1561 467 1933 512 metromaniam.

280 527 430 574 LXXI
460 527 533 571 Ad
565 525 848 583 epilepsiam.
1168 523 1334 568 LXXX
1391 525 1463 569 Ad
1521 525 1821 582 aperiendam
1871 540 1968 572 ma-

281 586 450 632 LXXII
481 585 554 629 Ad
584 584 847 630 lumbricos.
1228 583 1408 628 tricem.

281 645 470 691 LXXIII
502 644 575 689 Ad
606 642 927 688 elefantiasim.
1169 642 1358 686 LXXXI
1390 642 1462 686 Ad
1487 643 1840 688 accelerandum
1864 657 1970 701 par·

280 703 494 749 LXXIIII
525 703 599 747 Ad
631 702 843 759 ragadas.
1228 702 1343 746 tum.
1420 734 1436 746 .

283 762 451 807 LXXV
481 761 555 806 Ad
585 761 751 806 idema.
1168 759 1383 804 LXXXII
1421 760 1495 804 Ad
1528 760 1838 818 emorragiam
1868 774 1967 805 ma-

281 821 471 866 LXXVI
501 821 575 865 Ad
605 819 895 876 hydropicos.
1085 864 1088 867 ,
1228 818 1372 865 tricis.

357 1075 496 1134 Ordo
531 1075 904 1149 capitulorum
937 1075 1115 1133 XXXI
1148 1074 1357 1133 codicis
1390 1075 1441 1133 S.
1477 1075 1627 1133 Galli
1657 1074 1750 1167 liic
1784 1078 1894 1134 est:

552 1216 578 1259 1·
610 1236 664 1251 =
697 1228 750 1272 cp
814 1221 836 1258 1
871 1218 982 1267 (exc.
1022 1217 1123 1272 fin.)
1407 1219 1462 1259 16
1497 1237 1552 1252 =
1587 1229 1641 1272 cp
1674 1221 1730 1260 36

549 1279 575 1318 2
609 1295 665 1310 Ξ
782 1280 838 1319 40
1409 1279 1460 1318 17
1495 1295 1551 1310 Ξ
1674 1280 1730 1318 37

550 1338 576 1377 3
609 1354 664 1369 Ξ
783 1338 838 1377 39
1409 1336 1461 1376 18
1498 1354 1552 1369 Ξ
1675 1336 1733 1377 38

549 1397 577 1435 4
609 1413 664 1428 =
785 1395 839 1435 18
1408 1397 1461 1435 19
1497 1413 1551 1428 =
1674 1397 1730 1436 41

550 1454 575 1494 5
609 1471 664 1486 =
813 1455 837 1494 2
1406 1454 1462 1495 20
1497 1472 1552 1487 Ξ
1672 1456 1731 1495 42

551 1514 576 1553 6
610 1530 664 1545 Ξ
813 1514 841 1553 3
1407 1514 1458 1553 21
1499 1531 1551 1545 =
1678 1514 1731 1554 19

552 1572 575 1611 7
611 1589 664 1603 Ξ
812 1573 841 1612 4
1411 1573 1465 1612 22
1500 1589 1555 1604 Ξ
1676 1573 1732 1612 20

550 1631 576 1671 8
609 1648 665 1662 Ξ
814 1630 840 1670 5
875 1630 987 1682 (exe.
1026 1628 1127 1682 fin.)
1410 1632 1466 1670 23
1501 1648 1556 1663 Ξ
1676 1632 1732 1671 21

551 1689 577 1728 9
611 1706 666 1721 =
788 1689 842 1729 10
903 1686 1153 1742 (praecedit
1211 1686 1321 1740 finis
1410 1690 1468 1730 24
1500 1706 1555 1721 =
1675 1690 1732 1729 22

1031 1758 1066 1789 c.
1091 1746 1142 1800 9)
1411 1748 1466 1788 25
1501 1765 1555 1780 Ξ
1676 1749 1732 1788 23

525 1807 578 1847 10
611 1824 666 1838 Ξ
787 1807 839 1846 11
1411 1807 1467 1846 26
1501 1824 1555 1839 Ξ
1677 1807 1735 1847 24

523 1866 575 1905 11
611 1883 664 1897 Ξ
787 1867 839 1905 12
1408 1867 1463 1906 27
1498 1883 1553 1898 Ξ
1675 1866 1732 1906 25

524 1924 577 1966 12
612 1941 666 1956 Ξ
788 1925 840 1964 13
1409 1924 1466 1964 28
1499 1942 1554 1957 Ξ
1676 1925 1732 1964 26

524 1983 576 2022 13
611 2000 666 2014 Ξ
785 1984 843 2022 34
1410 1984 1465 2023 29
1501 2001 1555 2016 Ξ
1677 1985 1732 2024 27

524 2042 579 2080 14
611 2058 666 2073 =
785 2042 840 2081 33
1410 2042 1467 2082 30
1501 2060 1556 2074 =
1678 2042 1733 2082 28

526 2101 578 2139 15
613 2117 668 2132 Ξ
786 2100 841 2140 35
1410 2102 1464 2140 31
1501 2118 1555 2133 Ξ
1677 2101 1733 2140 29

289 2184 452 2228 desunt
486 2185 631 2241 ἐρέτην
728 2184 764 2238 I)
797 2197 830 2229 e.
868 2189 888 2227 1
922 2185 1000 2239 sin.

698 2243 758 2299 II)
791 2246 815 2286 5
847 2243 925 2297 fin.
963 2269 1016 2274 —-
1051 2247 1076 2287 9
1112 2244 1219 2298 (exc.
1251 2243 1327 2297 fin.
1361 2256 1396 2287 c.
1431 2244 1475 2298 9)
1573 2285 1688 2329 quae
1711 2285 1766 2317 ex
1789 2273 1974 2316 recenti„

674 2302 756 2415 ἓξὲξ
789 2306 846 2404 ἐξ
875 2306 1048 2415 {2213-
1081 2365 1136 2404 29
1168 2362 1233 2404 in·
1595 2331 1678 2376 bus
1707 2333 1801 2388 (cp)
1834 2332 1943 2376 solis

696 2419 757 2476 V)
790 2424 844 2463 29
876 2420 956 2473 fin,
991 2445 1049 2451 -.
1082 2424 1137 2464 32
1361 2445 1378 2454 ‚
1594 2390 1850 2447 supplenda
1877 2391 1975 2444 fue-

677 2477 757 2533 VI)
782 2479 1024 2534 particula
1060 2492 1095 2524 c.
1129 2482 1205 2525 42.
1698 2453 1821 2494 runt.

652 2536 756 2592 VH)
787 2542 842 2580 43
875 2562 933 2569 —
962 2542 1033 2582 82.
