2004 3186
757 126 819 134 —
905 97 1158 150 183—

105 234 196 283 per
232 219 445 268 vesicam
490 216 774 283 hydropicis
813 231 1053 281 aquosum
1092 217 1366 268 humorem.
1428 222 1574 270 etiam
1614 229 1664 271 et
1701 238 1793 288 per

107 297 330 341 ventrem
369 292 760 356 suprascriptum
800 288 1058 340 humorem
1096 290 1377 357 hydragogo
1413 292 1525 343 dato
1566 295 1793 345 similiter

106 364 362 431 excludeS,
422 364 517 414 hoc
571 370 648 413 est
703 365 840 413 cocci
894 363 1048 428 gnidii
1102 366 1275 430 optimi
1327 366 1376 415 id
1430 373 1506 416 est
1559 383 1658 417 non
1711 384 1791 418 ve-

106 440 368 488 tustissimi
421 437 508 487 sed
562 435 742 486 novelli
795 452 855 486 ex
908 437 1030 487 locis
1083 440 1342 489 maritimis
1397 440 1589 490 collecti
1642 457 1792 506 grana

105 513 436 578 competentia
475 517 560 560 aut
592 509 814 559 XXVIIII
846 517 928 561 aut
960 510 1119 560 XXXI
1150 518 1234 562 aut
1270 511 1489 562 XXXVII
1528 515 1792 579 singularia
1816 526 1837 559 5

105 592 191 635 aut
235 584 351 635 bina
396 600 511 634 cum
555 583 890 633 modicissimo
937 586 1068 634 nitro
1107 577 1201 634 uva
1245 601 1390 651 passa
1435 587 1624 652 singula
1671 604 1792 638 enu-

107 658 261 708 cleata
299 658 523 708 includes
569 664 622 707 et
669 656 807 707 dabis
845 660 1128 723 vespertino
1167 664 1391 724 tempore
1432 660 1793 711 abstinentibus

105 747 131 781 a
172 747 295 782 cena
324 739 432 782 cata
463 747 527 782 en
562 731 614 781 id
646 738 722 780 est
762 731 1044 796 singulatim
1083 733 1408 800 comedenda,
1447 740 1496 783 et
1532 742 1794 799 postquam

105 806 413 856 comederint
450 812 555 855 tres
593 811 758 871 guttas
797 820 950 870 aquae
991 805 1174 856 calidae
1213 806 1601 872 superbibendas
1641 808 1793 858 dabis,

254 879 387 929 aliud
446 879 763 944 hydragogon
826 879 1046 929 fortioris
1112 882 1331 946 virtutiS,
1401 881 1532 945 quod
1596 887 1645 931 et
1704 897 1794 947 per
1819 893 1861 925 ιο

106 958 331 1003 ventrem
370 960 420 1003 et
467 968 559 1018 per
596 954 791 1002 urinam
830 959 879 1002 et
916 968 1006 1018 per
1044 955 1283 1003 vomitum
1325 953 1606 1020 hydropicis
1645 970 1793 1019 aquo·

107 1042 219 1076 sum
274 1027 516 1092 depurgat
578 1026 853 1076 humorem.
939 1027 1068 1076 aeris
1130 1029 1230 1077 usti
1282 1029 1334 1077 in
1393 1027 1595 1078 modum
1656 1028 1793 1077 fabae

106 1102 375 1167 aegyptiae,
415 1102 652 1150 stercoris
693 1099 960 1149 columbini
999 1102 1208 1166 agrestis
1242 1098 1277 1155 3
1314 1100 1350 1167 1,
1388 1108 1528 1151 rutae
1567 1102 1793 1152 hortinae

106 1175 277 1224 viridis
324 1173 555 1224 foliorum
601 1172 636 1229 3
682 1173 727 1222 11
766 1173 913 1223 simul
958 1175 1009 1223 in
1056 1189 1155 1224 uno
1199 1174 1461 1239 diligenter
1499 1177 1641 1225 tritas
1681 1190 1795 1224 cum

105 1249 207 1298 vini
246 1250 399 1314 cyatis
437 1247 600 1297 tribus
638 1249 779 1313 potui
817 1246 970 1297 dabis,
1819 1259 1863 1292 15

256 1321 401 1371 aliud.
471 1320 694 1371 sambuci
739 1321 918 1370 radicis
966 1322 1177 1370 cortices
1224 1320 1404 1370 tundes
1454 1328 1503 1371 et
1550 1322 1796 1386 exprimes

106 1402 157 1445 et
211 1411 272 1445 ex
324 1397 432 1460 ipso
497 1410 618 1444 suco
671 1393 923 1459 expendes
976 1405 1036 1444 —1—
1089 1393 1109 1442 I
1164 1401 1215 1444 et
1276 1393 1578 1459 superaddes
1637 1394 1797 1444 mellis

107 1469 349 1519 coclearia
387 1467 455 1517 III
501 1474 552 1517 et
597 1466 736 1517 dabis
784 1483 899 1517 cum
929 1482 1083 1532 aquae
1121 1467 1304 1517 calidae
1345 1469 1496 1532 cyatis
1534 1467 1615 1517 III.
1676 1475 1795 1517 tunc

107 1543 414 1592 sufficienter
445 1543 580 1607 ipsos
618 1541 899 1591 laborantes
931 1540 1324 1591 deambulatione
1357 1556 1553 1591 movere
1585 1541 1794 1591 iubebis,

108 1623 159 1666 et
203 1623 467 1683 postquam
514 1617 615 1665 sive
662 1630 753 1681 per
799 1621 1023 1665 ventrem
1070 1617 1171 1664 sive
1225 1630 1315 1680 per
1362 1616 1554 1664 urinam
1608 1629 1793 1680 aquoso
1818 1626 1862 1658 20

229 1838 252 1877 1
286 1847 317 1891 p
348 1831 512 1876 uexica.
543 1845 586 1876 c.
619 1845 703 1877 om.
728 1844 777 1887 Ρ.
901 1835 927 1874 2
955 1831 1018 1875 SS
1048 1844 1092 1875 c:
1125 1844 1264 1887 supra
1297 1830 1474 1875 dictum
1490 1843 1540 1886 Ρ.
1660 1829 1796 1886 ydro-

107 1920 232 1965 gago
263 1919 333 1962 cp.
465 1910 491 1950 3
517 1905 553 1949 li
589 1906 690 1961 (om.
721 1904 811 1961 est)
836 1918 895 1962 Ρ,
926 1900 970 1948 li
1005 1889 1045 1958 '3
1078 1907 1156 1959 (sc.
1200 1904 1365 1948 unciae
1399 1904 1529 1960 siyno
1560 1921 1617 1926 Ρ
1584 1903 1795 1970 posito

100 1979 193 2023 pro
223 1984 283 1990 -
315 1986 372 2003 =
404 1966 496 2020 est,
527 1968 581 2008 ut
610 1967 774 2020 supra)
804 1977 840 2008 c.
961 1976 1071 2008 coco
1102 1962 1230 2007 nidio
1247 1976 1306 2019 Ρ,
1339 1976 1474 2019 ogcio
1499 1975 1535 2010 c
1655 1961 1686 2005 i.
1720 1974 1796 2005 ve-

107 1998 357 2069 tustissimi
388 2023 425 2081 β
457 2022 591 2068 molli
614 2037 657 2077 c,
691 2023 722 2067 i.
753 2036 847 2067 non
869 2023 1019 2067 veteri
1042 2022 1123 2067 sed
1145 2021 1331 2066 novello
1355 2035 1405 2078 Ρ.
1528 2025 1557 2064 4
1587 2019 1797 2065 collectis

109 2097 154 2140 c,
188 2085 295 2128 —to
319 2097 369 2139 Ρ.
545 2086 571 2126 5
602 2059 753 2126 XXXI
784 2095 829 2126 c:
870 2081 978 2125 XXI
1002 2096 1053 2138 Ρ.
1226 2080 1445 2125 XXXVII
1475 2093 1519 2124 c.
1550 2078 1722 2124 XLVII
1745 2092 1797 2134 Ρ.

110 2119 247 2200 si’ngl’
279 2143 362 2186 aut
390 2141 526 2185 binas
559 2154 594 2186 c.
761 2146 787 2185 6
819 2153 912 2185 uva.
942 2153 1081 2197 passa
1119 2138 1256 2197 singl'
1289 2139 1534 2184 enucleata.
1564 2138 1727 2182 indues
1759 2150 1798 2190 c,

108 2215 160 2260 in
189 2215 397 2273 singulas
438 2228 553 2259 uvas
585 2227 748 2271 passas
777 2205 1018 2269 ¹anacletus
1055 2212 1267 2257 includes
1291 2226 1343 2269 Ρ.
1525 2216 1550 2255 7
1583 2209 1715 2256 dabis
1753 2223 1797 2254 c.

110 2289 195 2320 om.
220 2289 271 2332 Ρ.
393 2279 420 2319 8
446 2275 552 2318 caba
576 2286 635 2317 en
656 2273 688 2318 i.
722 2272 1018 2330 singulatim:
1051 2270 1322 2329 singulatim
1354 2272 1462 2316 cata
1490 2283 1584 2314 una
1616 2271 1724 2326 (uua
1740 2270 1796 2325 Ρ)

109 2348 179 2390 cp.
301 2332 589 2378 comedenda
612 2345 656 2376 c:
682 2331 826 2377 -dae
838 2346 889 2389 Ρ.
1013 2336 1070 2376 10
1091 2331 1158 2388 y(i
1181 2330 1463 2387 c)drogagon
1485 2343 1554 2386 ep,
1675 2327 1799 2384 quod

111 2396 180 2438 et·
213 2391 293 2448 qui
325 2394 374 2436 et
404 2406 450 2447 c,
483 2391 608 2448 quod
631 2405 680 2448 Ρ.
833 2405 917 2448 per
946 2392 1158 2436 ventrem
1188 2388 1370 2434 urinam
1401 2391 1449 2433 et
1479 2403 1520 2432 v.
1546 2401 1597 2444 Ρ.
1743 2389 1797 2430 12

112 2465 162 2495 es
192 2453 349 2495 ustum
373 2465 425 2507 Ρ.
556 2449 725 2565 (fane)p
733 2450 916 2507 egipcie
948 2464 993 2504 c,
1024 2447 1257 2507 egiptiace
1280 2462 1333 2504 Ρ.
1471 2451 1524 2490 13
1557 2451 1586 2497 5
1616 2446 1649 2488 Ι.
1679 2445 1728 2500 (i
1761 2459 1798 2488 e.

113 2509 341 2567 singulas)
374 2508 740 2565 c.afi.3.1p.
862 2508 1011 2554 ortine
1050 2521 1118 2565 οΡ.
1242 2511 1297 2550 14
1326 2519 1418 2550 uno
1450 2519 1519 2561 cp.
1639 2503 1796 2547 trit-as:

109 2569 234 2613 tritis
259 2582 319 2625 Ρ,
351 2581 433 2612 om.
467 2582 503 2613 c
644 2572 698 2612 15
729 2567 879 2612 tribus
910 2582 952 2623 c,
984 2567 1062 2611 ΠΙ.
1089 2579 1139 2623 Ρ.
1277 2570 1332 2610 16
1364 2565 1532 2608 sabuee
1554 2576 1605 2620 Ρ.
1726 2575 1798 2605 ra.-

113 2628 241 2673 dices
264 2642 323 2685 Ρ,
356 2642 439 2672 —c
472 2641 508 2672 c.
646 2626 842 2672 cortices
865 2641 925 2683 Ρ,
962 2641 1046 2671 ——c
1077 2639 1112 2671 c.
1235 2623 1390 2668 tundis
1422 2636 1457 2667 c.
1579 2618 1799 2677 exprimis

172 2721 182 2731 .
320 2691 371 2731 17
406 2688 454 2731 el:
485 2687 610 2743 (ante
640 2687 716 2742 ex)
747 2686 854 2731 add.
878 2691 959 2742 ΡΟ,
990 2699 1076 2730 om.
1108 2697 1178 2740 cp.
1299 2696 1386 2739 exp
1390 2679 1519 2725 endis
1552 2693 1618 2736 οΡ.
1742 2682 1798 2721 18

115 2746 268 2791 cocl'.r
299 2744 379 2791 III.
412 2758 480 2802 ιΡ.
625 2759 732 2790 eum
762 2758 845 2789 om.
871 2759 922 2801 Ρ.
1066 2756 1188 2800 aqua
1219 2697 1386 2786 calida?
1402 2753 1469 2796 σΡ
1621 2741 1675 2781 19
1708 2736 1800 2780 suf·

114 2805 322 2850 ficientes
344 2819 403 2861 Ρ,
437 2803 691 2862 supficietis
723 2817 758 2849 c.
880 2807 936 2848 20
970 2815 1194 2858 aquosum
1224 2800 1466 2844 humorem
1496 2811 1532 2844 c.
