2004 3186
797 130 1054 185 —253
1137 162 1199 169 -—

182 245 398 291 embasin
427 244 672 290 adhibebis
702 248 774 289 51.
829 246 879 290 et
908 245 958 290 in

183 304 341 350 calida
387 304 642 360 semicupio
691 303 958 361 depositum

187 377 334 420 usque
375 363 437 409 ad
475 363 638 420 guttur
671 362 848 408 embasi
879 363 958 408 ad·

185 422 338 467 hibita
353 422 633 467 fomentabis
657 426 728 466 61.
749 447 802 458 -
822 421 958 466 semi-

184 495 307 538 cupa
335 481 568 526 Ammian.
578 514 593 535 ,
631 477 792 537 σκάφη
823 482 957 532 Alex.

185 543 271 595 12,
320 543 350 585 3
393 554 445 596 p.
497 543 590 586 696
630 539 745 585 Bas.
791 540 874 584 ubi
918 544 960 585 et

186 602 560 656 σκαφολουτρεῖν
605 593 635 644 ὅ
684 594 782 643 ἐστι
827 596 957 655 παρὰ

178 654 424 716 Ῥωμαίοις
465 658 572 702 τίνα
605 653 828 717 ἐμβαλεῖν
859 659 957 716 (ῑαὺ.

185 723 237 774 3,
276 722 333 762 20
371 717 406 772 f.
446 703 561 761 1945
598 716 774 774 scapha
815 731 957 773 quam

186 776 388 821 Romani
417 775 567 820 tinam
597 778 780 820 vocant.
814 777 872 831 cf.
905 777 960 821 de

187 837 290 880 tina
320 836 438 879 Diez
469 835 591 879 Aztr.
625 835 698 879 Gt.
730 836 857 892 112).

158 893 530 951 sempervirens
561 894 725 951 (herba
766 915 822 931 =
862 889 958 940 ἆεί-

188 955 325 1009 ζωον)
357 957 427 998 56.

158 1012 419 1058 sensibilis
429 1023 445 1056 ε
462 1013 535 1057 est
550 1012 674 1056 enim
691 1013 957 1057 stomachus

186 1071 348 1116 multis
364 1071 519 1116 nervis
536 1071 833 1116 sensibilibus
855 1084 958 1129 per-

186 1131 352 1187 plexus
383 1135 454 1175 71.

159 1189 353 1234 sentix:
393 1189 617 1234 senticem
655 1189 854 1235 viridem
884 1194 956 1234 39.

186 1249 245 1302 cf.
289 1248 432 1304 Apul.
479 1249 598 1294 herb.
638 1253 695 1293 87
734 1249 957 1294 batos...

186 1307 297 1351 Itali
348 1307 572 1352 senticem
633 1307 717 1352 alii
775 1308 956 1352 rubum.

187 1365 301 1410 Sim.
319 1366 360 1410 J
358 1380 432 1411 an.
450 1379 485 1410 s.
504 1366 656 1411 sentix
674 1368 747 1411 est
761 1367 903 1410 rubus
922 1401 956 1411 ..

187 1440 222 1470 s.
248 1425 399 1470 batos.
433 1425 518 1482 [ad
539 1425 810 1482 ypoquistid
861 1425 960 1470 suci

185 1484 517 1540 suprascripsit
534 1489 585 1540 90
607 1489 663 1528 36
686 1483 738 1527 id
761 1498 808 1528 es
853 1498 958 1544 rose

186 1543 276 1587 hoc
316 1544 386 1587 est
425 1543 603 1588 sentica
642 1543 717 1600 (cf.
766 1542 879 1588 Sim.
922 1557 958 1587 8.

187 1601 518 1717 ypoqfistidos
550 1606 592 1646 et
613 1615 649 1647 s.
673 1601 822 1646 barba
850 1602 959 1658 hyr-

189 1660 311 1716 cina)
337 1694 347 1703 .

159 1719 429 1775 serpillum
462 1744 515 1751 —
546 1732 586 1763 v.
620 1719 898 1776 herpyllum.

158 1777 445 1834 serpusculi
461 1776 693 1834 (ἕρπητες)
712 1783 784 1822 24.
806 1782 877 1823 25.
903 1804 958 1810 —-

187 1837 244 1891 cf.
276 1850 312 1882 8.
347 1834 519 1893 ἕρπειν.

159 1907 308 1941 sexus
319 1907 334 1939 ε
352 1909 437 1952 per
451 1897 605 1940 totam
617 1896 799 1952 spinam
811 1910 960 1952 usque

187 1955 249 1999 ad.
280 1969 441 1999 sexum
479 1968 742 2012 perungues
774 1960 846 1999 72.
901 1956 959 2010 cf.

190 2014 321 2059 Ptin.

159 2072 284 2118 sibit
324 2072 375 2117 in
412 2072 569 2117 vicina
606 2074 738 2130 parte
769 2072 859 2117 sibi
889 2077 958 2118 22.

186 2131 343 2176 vicina
382 2131 471 2176 sibi
509 2132 612 2176 loca
652 2137 710 2175 24
749 2133 819 2189 (ut
854 2147 961 2176 suus

189 2189 310 2247 sibi).
357 2192 412 2235 ut
436 2190 527 2235 sibi
551 2191 773 2236 saniando
803 2205 961 2236 scarae

190 2250 363 2294 cadant
394 2256 464 2294 35.

161 2307 395 2354 sibilatus
427 2309 585 2365 (Cael.)
621 2314 693 2353 33.

161 2367 261 2412 sice
294 2369 343 2411 et
373 2368 438 2412 sic
468 2381 612 2424 saepe.

161 2425 379 2471 siccare:
415 2441 519 2470 cum
547 2426 799 2483 diligenter
821 2427 963 2472 sicca-

189 2484 313 2529 veris
338 2484 603 2542 (siccaverit
628 2487 738 2530 intr.
762 2488 865 2543 90p)
890 2491 961 2532 20.

162 2543 341 2598 siligoe
372 2544 423 2588 in
446 2543 802 2589 similitudinem
826 2559 961 2602 gran-

191 2603 374 2647 diarum
426 2603 730 2648 minutiarum
784 2605 868 2659 (sic
918 2618 962 2662 9,

191 2662 439 2719 grandium
463 2661 748 2707 minutarum
773 2677 823 2719 p,
856 2677 962 2720 gra-

188 2734 356 2765 norum
382 2721 667 2766 minutorum
691 2724 732 2776 c)
764 2722 963 2779 siliginis

192 2779 339 2838 [quod
353 2780 631 2837 gremiatum
643 2781 841 2826 dicimus
853 2782 961 2827 add.

183 2839 242 2897 p]
276 2843 348 2883 36.

1049 245 1238 301 siliqua
1252 260 1422 303 graeca
1438 248 1697 304 (pomorum
1706 262 1849 307 9ems

1077 317 1161 350 sec.
1202 304 1360 361 Plin):
1399 305 1599 363 siliquae
1627 321 1658 364 9
1701 307 1848 364 (silice

1070 377 1124 420 p,
1155 364 1237 408 ubi
1265 377 1413 420 supra
1438 370 1489 422 9⁰
1517 364 1568 410 id
1600 367 1672 411 est
1699 381 1848 427 pruno&²

1079 421 1333 479 silvestres)
1358 429 1399 467 2.
1443 424 1635 481 siliquas
1658 439 1850 482 graecas

1079 481 1308 527 dulciores
1338 487 1411 526 33.
1467 483 1525 538 cf.
1558 487 1630 529 48.
1663 487 1721 528 82
1751 486 1850 541 (κε-

1079 537 1217 595 ράτια
1260 536 1478 597 ἑλληνικά
1508 542 1640 587 Alex.
1672 544 1741 587 vel
1770 543 1850 597 ξυ·

1079 598 1310 656 zoninum
1355 614 1406 657 p.
1461 604 1554 646 467
1606 601 1744 656 Bas„
1797 607 1851 646 ut

1077 659 1211 703 etiam
1256 673 1384 703 nunc
1425 664 1648 705 vocantur
1691 660 1852 706 Fraus

1075 719 1175 773 flor.
1207 718 1336 762 class.
1365 732 1414 774 p.
1448 722 1542 771 65).

1049 776 1244 821 similat
1260 776 1409 821 tritici
1422 776 1624 822 farinam
1646 791 1850 822 crassam

1077 835 1127 880 id
1158 837 1228 880 est
1259 835 1473 880 semilam
1504 839 1559 892 (c,
1596 837 1770 881 semela
1794 840 1847 894 p)

1078 908 1221 951 quam
1252 895 1380 939 mola
1410 895 1630 940 ceciderit
1661 901 1732 940 66.

1049 953 1315 998 simulare=
1372 967 1478 998 cum
1530 954 1697 999 rubore
1747 954 1851 1011 igni

1077 1026 1186 1057 acro
1226 1013 1293 1070 (9,
1332 1012 1454 1069 ignis
1492 1018 1617 1069 aqua
1655 1026 1700 1070 e,
1739 1013 1848 1070 igne

1079 1085 1262 1116 sacrum
1290 1072 1340 1128 p)
1374 1071 1623 1116 simulante
1653 1073 1751 1129 (sic)
1777 1077 1848 1117 37.

1049 1129 1130 1175 sin
1161 1141 1283 1175 vero
1321 1143 1453 1186 saepe
1487 1131 1650 1176 ‘retinet
1678 1144 1728 1188 9,
1767 1131 1852 1175 ubi

1077 1189 1115 1233 si
1138 1203 1247 1234 vero
1270 1202 1355 1234 rec.
1374 1203 1412 1246 p
1439 1190 1688 1246 (interdum
1709 1190 1849 1234 etiam

1078 1249 1133 1304 c),
1172 1249 1295 1292 velut
1331 1249 1371 1292 si
1401 1261 1455 1304 cp
1497 1253 1567 1293 22.
1607 1253 1680 1292 24.
1743 1247 1783 1292 si
1813 1262 1852 1305 p

1079 1307 1179 1363 (ubi
1216 1307 1286 1351 sin
1324 1307 1462 1351 etiam
1500 1309 1542 1364 c)
1582 1312 1637 1351 29
1671 1307 1752 1352 bis.
1794 1311 1852 1351 34

1078 1370 1158 1410 ter.
1200 1370 1272 1410 36.
1320 1370 1390 1410 37.
1430 1370 1502 1410 39.
1544 1371 1600 1410 42
1632 1370 1712 1410 ter.
1762 1367 1852 1423 (45.

1078 1429 1149 1468 46.
1178 1428 1247 1468 51.
1275 1425 1364 1480 75).
1383 1450 1439 1456 -
1461 1422 1602 1483 si<n>
1626 1438 1734 1470 vero
1756 1425 1855 1480 (ubi

1079 1499 1110 1527 n
1140 1484 1194 1527 in
1224 1484 1334 1539 ras.)
1360 1497 1397 1539 p
1430 1487 1503 1529 53.
1557 1484 1630 1538 sin
1660 1497 1770 1528 vero
1805 1484 1853 1539 (n

1078 1543 1163 1587 del.
1196 1543 1329 1598 corr.)
1354 1555 1392 1598 p
1424 1547 1494 1587 61.
1555 1542 1626 1586 sin
1656 1556 1766 1587 vero
1798 1555 1854 1599 cp

1080 1605 1133 1645 71
1176 1601 1275 1657 (ubi
1306 1602 1454 1656 paulo
1494 1605 1600 1645 ante
1634 1601 1674 1645 si
1704 1603 1852 1658 vero).

1079 1659 1151 1703 sin
1190 1673 1301 1704 vero
1335 1664 1412 1716 cp⁰
1450 1660 1549 1715 (ubi
1592 1663 1698 1704 write
1735 1672 1851 1705 corr.

1080 1719 1119 1762 si
1143 1720 1197 1774 p)
1232 1723 1303 1764 72.

1050 1776 1269 1835 sinapis,
1303 1776 1494 1833 sinapi=
1525 1791 1624 1834 qen.
1656 1778 1732 1833 (=
1755 1777 1848 1822 Ed.

1078 1836 1251 1892 Diocl.)
1281 1835 1456 1893 sinapis
1477 1850 1508 1893 9
1532 1840 1575 1891 5,
1607 1849 1698 1881 acc.
1732 1836 1852 1880 sina·

1079 1909 1187 1952 pem
1217 1908 1247 1951 9
1286 1896 1420 1952 (male
1453 1908 1543 1951 pro
1572 1908 1670 1952 yen.
1704 1895 1852 1952 —pis)

1080 1959 1160 2008 21,
1200 1955 1290 2000 abl.
1322 1968 1429 1998 cum
1468 1954 1628 2011 sinape
1658 1966 1689 2010 9
1719 1957 1762 1999 5.
1796 1979 1852 1987 -

1080 2012 1234 2070 sinapi
1256 2026 1427 2070 semper
1451 2027 1475 2057 c
1497 2016 1632 2070 (nom.
1658 2017 1730 2069 63,
1753 2026 1852 2069 yon.

1083 2077 1122 2116 1.
1157 2076 1198 2116 5.
1231 2076 1311 2126 21,
1343 2085 1434 2117 acc.
1468 2076 1539 2116 32.
1573 2076 1652 2128 53,
1688 2073 1778 2116 abl.
1811 2076 1852 2116 5.

1081 2133 1171 2187 55).
1198 2156 1253 2164 —
1278 2132 1408 2175 modo
1434 2144 1534 2175 cum
1556 2144 1585 2187 9
1607 2131 1854 2175 modocum

1081 2204 1106 2235 c
1142 2190 1261 2245 facit
1290 2204 1350 2246 p:
1395 2203 1494 2247 93η.
1526 2189 1700 2246 sinapis
1739 2194 1778 2234 1.
1812 2193 1851 2234 5.

1082 2254 1153 2294 21.
1212 2250 1301 2294 abl.
1347 2248 1506 2305 sinape
1549 2253 1599 2305 5,
1640 2249 1718 2293 sed
1760 2262 1852 2293 acc.

1082 2309 1236 2365 (nom.)
1275 2308 1435 2364 sinape
1474 2309 1583 2365 (pro
1622 2307 1746 2365 —pi)
1780 2311 1851 2351 53.

1083 2372 1139 2411 63
1182 2371 1224 2411 et
1265 2367 1419 2423 sinapi
1461 2369 1569 2423 (pro
1614 2366 1738 2423 -pi)
1781 2371 1850 2411 32.

1083 2427 1172 2471 abl.
1204 2426 1356 2483 sinapi
1387 2430 1458 2470 55.

1054 2485 1358 2542 sinapismus
1388 2486 1573 2529 docetwr
1606 2489 1644 2527 1.

1053 2544 1357 2599 singillatim
1379 2558 1408 2601 9
1436 2545 1495 2598 (2.
1522 2544 1612 2599 34),
1642 2555 1729 2587 rec.
1761 2542 1852 2586 sin-

1082 2604 1282 2660 gulatim
1320 2617 1376 2659 ,cp
1415 2603 1476 2658 (1.
1517 2607 1556 2645 2.
1589 2605 1660 2646 34.
1692 2606 1764 2645 44.
1795 2606 1853 2647 48

1080 2663 1176 2706 nisi
1206 2663 1327 2719 quod
1359 2660 1616 2718 singilatim
1646 2664 1688 2704 et
1715 2673 1739 2705 c
1762 2662 1851 2716 34).

1053 2721 1301 2776 siquidem
1332 2722 1407 2777 (=
1440 2721 1564 2776 cum)
1589 2719 1854 2776 plerumque

1082 2794 1183 2825 cum
1221 2780 1510 2825 coniunctivo
1548 2792 1577 2835 9
1615 2779 1714 2835 (ubi
1754 2779 1852 2823 ind.

1082 2853 1137 2895 cp
1161 2840 1230 2884 vel
1251 2843 1366 2883 certe
1390 2840 1459 2895 p).
1505 2839 1564 2892 cf.
1593 2842 1658 2882 10.
1686 2841 1742 2882 29
1774 2841 1851 2881 etc.
