2004 3186
153 550 172 580 5

131 915 176 947 10

132 1284 174 1316 15

131 1651 175 1683 20

859 121 1224 172 *46-

343 242 474 291 aliud
533 242 592 291 ad
654 243 863 290 tinnitus
918 246 967 289 et
1021 240 1080 288 ad
1138 238 1476 304 obtrusioneS‚
1532 252 1653 302 quas
1707 237 1883 289 Graeci

196 316 412 372 enfraxis
459 321 657 382 vocant,
703 320 754 364 et
792 314 851 363 ad
898 312 1123 363 difficiles
1162 312 1358 362 auditus
1398 317 1447 360 et
1489 311 1548 360 ad
1595 312 1732 361 initia
1773 325 1880 362 sur-

196 390 375 439 ditatis,
443 390 631 438 nitrum
678 395 729 438 et
777 388 1071 437 afronitrum
1118 385 1308 451 aequali
1356 384 1500 434 modo
1540 385 1882 435 commiscehis

198 470 248 512 et
285 478 399 512 cum
437 469 575 512 aceto
615 463 718 511 acri
758 468 807 510 et
845 460 953 510 oleo
992 462 1150 510 veteri
1187 459 1448 524 tepefactis
1486 458 1732 508 infundes,

344 538 463 585 item
525 535 585 585 ad
637 534 935 584 vermiculos
995 535 1191 584 aurium
1253 533 1529 582 forinsecus
1585 532 1881 582 educendos.

198 611 479 659 centauriae
520 608 688 658 viridis
727 614 812 657 aut
850 607 1088 657 marrubii
1127 612 1212 656 aut
1250 605 1483 655 absinthii
1522 606 1691 655 viridis
1731 621 1882 656 sucus

196 683 391 732 infusus
431 682 647 732 excludit
685 680 993 731 vermiculos

345 756 405 805 ad
431 756 616 805 sordes
656 757 863 805 aurium.
926 756 1112 804 nitrum
1160 761 1299 804 aceto
1339 753 1616 803 resolutum
1654 768 1768 802 cum
1806 768 1882 802 ca-

196 829 293 878 lida
331 845 456 894 aqua
501 845 591 894 per
630 828 869 878 auliscum
908 830 1092 878 oticum
1139 828 1313 877 inicies
1362 835 1411 877 et
1457 827 1685 892 deterges
1725 833 1774 876 et
1813 829 1884 876 sic

197 904 380 952 iterum
418 902 694 952 instillabiS.

346 976 406 1026 ad
437 991 582 1026 aures
615 976 798 1025 saniola
828 975 1042 1025 fluentes
1073 981 1124 1024 et
1156 975 1388 1024 humecta
1427 988 1624 1038 quoque
1655 975 1886 1024 universa

197 1051 441 1099 trociscus
479 1049 639 1098 Herae
678 1048 963 1115 appellatus,
1024 1050 1203 1114 recipit
1241 1054 1404 1098 autem
1443 1062 1642 1097 murrae
1682 1049 1817 1097 croci
1850 1047 1886 1103 3

198 1123 428 1189 singulaS‚
461 1123 688 1172 aluminis
720 1124 862 1172 scissi
892 1122 928 1177 3
955 1121 1059 1172 XII.
1114 1121 1314 1186 colliges
1346 1128 1396 1171 et
1426 1123 1584 1171 uteris
1623 1121 1884 1187 aliquando

199 1211 257 1245 ex
297 1202 436 1246 aceto
474 1196 733 1261 aliquando
771 1197 884 1245 vino
924 1202 1138 1245 austero.

346 1270 405 1319 ad
449 1271 660 1319 tinnitus
706 1271 900 1320 aurium
947 1276 998 1318 et
1043 1269 1268 1319 difficiles
1315 1269 1525 1319 auditus,
1595 1268 1758 1319 oleum
1796 1283 1884 1332 ,ra-

198 1343 419 1392 faninum
451 1358 564 1392 cum
596 1349 735 1393 aceto
776 1350 826 1392 et
863 1344 995 1392 nitro
1034 1345 1086 1392 in
1124 1358 1224 1393 uno
1257 1342 1601 1392 commiscebis
1640 1350 1690 1391 et
1729 1343 1884 1392 ferve-

198 1417 340 1466 factis
381 1418 553 1466 uteris.

345 1489 476 1540 aliud
531 1490 590 1539 ad
646 1490 870 1540 difficiles
932 1490 1128 1540 auditus
1184 1498 1233 1540 et
1286 1491 1516 1540 surditati
1571 1491 1885 1539 conveniens,

198 1562 403 1613 ellebori
457 1563 552 1612 albi
605 1566 640 1622 3
685 1564 729 1630 1,
783 1564 1008 1613 afronitri
1061 1563 1095 1619 3
1147 1563 1228 1631 IS,
1283 1565 1495 1613 castorei
1541 1566 1578 1625 Β
1625 1562 1706 1630 IS,
1761 1565 1887 1612 aceti

199 1638 405 1686 acrioris
445 1637 574 1702 quod
615 1638 879 1686 suffecerit.

318 1827 341 1866 1
376 1824 423 1866 61
454 1822 513 1866 ad
544 1822 834 1867 obla-usiones
860 1837 916 1879 p:
951 1824 999 1867 61
1029 1821 1344 1867 obsti-usiones
1377 1823 1476 1878 (om.
1504 1822 1581 1878 ad)
1614 1835 1649 1866 c.
1788 1837 1825 1878 q,
1850 1836 1887 1876 e,

199 1911 251 1952 qs
269 1910 308 1952 p
339 1886 408 1952 (q⁰s
431 1896 524 1952 pc).
683 1901 708 1938 2
742 1896 937 1940 anfi-osis
971 1911 1007 1951 c,
1043 1891 1165 1942 efflfi
1189 1910 1238 1953 p.
1374 1896 1423 1940 61
1452 1908 1535 1940 om,
1561 1909 1609 1951 p.
1747 1898 1795 1940 61
1826 1896 1886 1940 ad

197 1954 341 1999 inicia.
371 1953 551 1999 surdita
588 1953 730 1998 inicio
761 1954 874 1999 nitri
904 1955 1018 2000 nitri
1050 1958 1098 2000 61
1129 1954 1345 2001 cofonitri
1377 1959 1454 2000 etc.
1487 1969 1524 1999 c.
1707 1960 1733 1998 3
1766 1954 1884 2000 afor-

196 2013 372 2058 nitrum
402 2014 507 2067 (sie)
530 2027 580 2069 p.
704 2013 974 2059 commisces
1007 2029 1073 2071 cp.
1195 2020 1225 2058 4
1248 2027 1355 2058 acro
1382 2028 1418 2058 c.
1540 2014 1589 2057 61
1616 2015 1740 2070 (ante
1763 2013 1882 2068 oleo)

198 2086 279 2118 om.
298 2086 349 2129 p.
473 2076 498 2116 5
529 2070 726 2129 pmiclos
756 2073 862 2129 (sic)
892 2086 916 2117 c
947 2074 1143 2126 (vermes
1179 2073 1334 2128 Petr.).
1479 2078 1505 2116 6
1543 2071 1800 2117 Centau-ree
1831 2087 1886 2128 cp

198 2132 342 2187 (--rie
374 2131 525 2187 Petr.).
677 2134 758 2175 aut
787 2131 989 2175 marubii
1018 2134 1068 2188 (p
1099 2137 1140 2176 et
1174 2132 1319 2186 Petr.)
1349 2144 1432 2175 om.
1467 2144 1501 2175 c.
1655 2136 1680 2175 7
1712 2131 1888 2175 infusos

198 2191 450 2235 excludunt
473 2204 525 2246 p.
647 2195 672 2233 9
704 2190 918 2246 paulisci‘i
948 2192 1101 2235 octlcfi
1117 2206 1168 2248 p,
1199 2189 1465 2248 parauliscfi
1497 2188 1651 2233 octicfi
1682 2204 1716 2234 c.
1840 2192 1888 2234 61

198 2250 412 2307 deterges
445 2261 527 2293 om.
561 2262 597 2292 c.
722 2253 774 2292 11
809 2248 1036 2294 saniolam
1068 2264 1104 2304 c,
1137 2249 1315 2294 saniem
1343 2262 1393 2305 p.
1517 2253 1563 2303 ᾖ
1596 2262 1662 2303 ep.
1784 2249 1887 2292 uni-

196 2322 332 2353 versa
363 2322 406 2353 e:
438 2321 522 2353 om.
547 2321 596 2363 p.
782 2312 834 2350 12
867 2308 977 2352 here
1001 2322 1051 2365 p,
1083 2307 1322 2366 (Trocisci)
1353 2321 1463 2351 uere
1497 2321 1531 2351 c.
1711 2309 1754 2362 Bc
1786 2309 1888 2363 (aut

199 2383 304 2428 add.
350 2382 387 2437 c)
428 2381 566 2425 mirte
605 2367 719 2436 (mre
753 2382 806 2439 p)
851 2396 904 2438 cp
946 2384 1146 2439 (myrrae
1186 2403 1241 2418 =
1282 2377 1486 2438 σμύρνης
1526 2381 1757 2436 leyendum
1798 2394 1888 2426 esse

200 2442 390 2486 collatus
414 2440 618 2485 Galenus
647 2441 772 2485 docet
802 2440 930 2496 XII,
963 2446 1066 2486 610.
1093 2445 1189 2486 628
1212 2443 1333 2498 sqq.)
1459 2444 1512 2482 13
1546 2444 1574 2489 3
1607 2439 1816 2497 singulas
1842 2455 1884 2484 c:

198 2520 259 2560 asi
285 2551 295 2561 .
322 2514 353 2573 Ξ
379 2549 388 2558 .
414 2514 434 2557 Ι
460 2548 468 2558 .
488 2527 539 2570 p.
658 2519 689 2566 5
718 2513 804 2558 VII
837 2529 871 2571 e,
906 2515 936 2572 Ξ
960 2516 1046 2559 ΧΠ
1066 2529 1116 2571 p.
1240 2513 1402 2570 colligi
1426 2498 1634 2570 (-g}=
1666 2513 1793 2570 gitur
1814 2515 1885 2570 200)

198 2589 306 2633 vino
347 2576 530 2633 austino
572 2588 805 2644 (—-trino).
875 2589 952 2633 vel
983 2593 1129 2634 aceto.
1195 2589 1243 2633 61
1284 2586 1427 2632 uteris
1453 2601 1511 2643 p,
1553 2586 1733 2642 colligis
1775 2586 1884 2631 vino

200 2648 382 2693 austero
423 2648 490 2703 (er
535 2647 589 2690 in
629 2649 743 2703 ras.)
784 2649 833 2691 61
873 2647 1018 2692 uteris
1062 2646 1312 2703 aliquando
1355 2660 1411 2690 ex
1449 2648 1582 2690 aceto
1630 2646 1883 2701 aliquando

198 2708 305 2751 vino
338 2709 522 2751 austero
547 2719 582 2750 c.
707 2712 760 2751 16
791 2707 860 2760 (et
876 2710 934 2763 p)
963 2707 1012 2751 in
1043 2721 1134 2751 uno
1168 2708 1240 2763 (co
1275 2732 1329 2737 -
1363 2706 1403 2761 c)
1434 2705 1600 2749 misces
1637 2719 1705 2760 ep.
1828 2709 1882 2747 18

199 2768 247 2809 61
277 2765 496 2810 surditati
525 2778 608 2810 om.
642 2779 677 2810 c.
861 2771 915 2810 19
949 2766 979 2824 ⁷5
1010 2766 1207 2823 1.S.p:
1248 2764 1291 2809 ΙΙ
1324 2767 1348 2814 3
1378 2766 1384 2819 Ι
1411 2765 1484 2818 (in
1523 2764 1614 2818 fine
1645 2767 1817 2818 versus)
1849 2776 1883 2807 c.

199 2830 255 2868 20
288 2825 496 2869 aeenoris
527 2825 631 2879 (sic)
663 2840 704 2880 q.
739 2840 773 2868 s.
808 2838 842 2869 c.
968 2826 1140 2871 sufficit
1171 2840 1207 2882 c,
1240 2823 1413 2869 sufficit
1444 2822 1594 2879 (66111)
1619 2836 1668 2878 p.
