2004 3186
750 121 1152 173 —129—

109 241 270 291 media
324 257 437 291 cava
491 240 706 301 adhibita
760 240 969 290 curabis,
1045 247 1095 290 et
1146 247 1259 305 post
1312 241 1416 290 dies
1470 241 1787 293 detractionis

107 317 362 379 sanguinis
413 314 631 378 expletos
684 313 791 362 oleo
845 315 1042 363 anetino
1104 314 1365 378 diligenter
1423 322 1525 364 toto
1581 331 1786 381 corpore

108 396 391 455 perunctos*
416 388 607 437 lavacro
649 386 803 436 calido
844 402 904 436 ex
943 402 1067 451 aqua
1106 388 1239 437 dulci
1277 387 1471 439 lavabis.

257 461 400 511 aliud.
461 463 626 526 apium
666 476 781 510 cum
819 460 1010 510 modico
1054 468 1190 510 aceto
1238 460 1485 525 decoques
1531 455 1689 526 usque
1728 463 1788 512 ad

107 537 305 586 tertiam
342 542 534 600 partem
573 541 621 583 et
666 536 823 596 ipsam
869 533 1206 584 decoctionem
1253 550 1367 584 cum
1413 535 1603 584 modico
1644 536 1831 585 melle5

25 653 28 657 ,
108 611 250 674 potui
289 609 426 657 dabis
465 610 644 657 ieiunis
677 614 788 657 ante
827 607 1086 658 lavacrum.
1148 608 1242 657 hoc
1274 614 1438 657 autem
1470 623 1658 659 summe
1698 625 1788 674 per

107 684 278 732 urinas
317 682 383 731 fel
421 681 634 731 deducit.

256 755 347 804 alia
393 757 528 820 potio
575 756 806 804 ictericis.
877 757 979 804 ervi
1027 755 1386 805 subtorrefacti*
1422 753 1455 809 5
1502 755 1586 821 vl,
1643 756 1787 805 fascis

108 829 291 895 gallici,
338 844 494 878 cornu
541 830 727 888 cervini
779 830 942 877 exusti
988 827 1022 882 5
1070 828 1231 895 binaS‚
1285 831 1453 894 cyperi
1498 828 1532 883 3
1579 829 1621 895 Ι,
1674 844 1789 878 meu

103 903 144 960 ᾖ
181 902 215 951 1.
289 902 426 951 dabis
473 901 769 952 coclearium
817 917 928 951 cum
975 917 1130 966 aquae
1176 902 1362 952 mulsae
1409 899 1589 952 calidae
1638 905 1788 968 cyatis
1813 915 1854 946 10

108 975 176 1025 111
214 978 265 1024 in
303 975 509 1025 lavacro.

257 1049 402 1099 aliud.
485 1051 694 1116 piperiS‚
747 1056 888 1099 rutae
950 1049 1201 1115 homnae,
1263 1051 1462 1098 seminis
1524 1049 1790 1115 melanthii‚

107 1124 325 1187 iuniperi
370 1122 604 1171 bacarum
652 1138 773 1187 quas
820 1123 995 1172 Graeci
1041 1122 1315 1172 arceutidas
1363 1130 1558 1188 vocant,
1611 1125 1791 1188 cymini

108 1195 415 1245 alexandrini
480 1198 602 1260 agrii
655 1198 800 1262 sicci,
860 1198 979 1246 nitri
1040 1197 1320 1262 vernicarii‚
1382 1199 1600 1246 omnium
1660 1195 1695 1250 3
1755 1197 1789 1244 1.

110 1269 291 1319 tundes
316 1276 366 1318 et
398 1285 574 1318 cernes
606 1276 656 1319 et
688 1270 825 1319 dahis
864 1277 976 1319 ante
1007 1269 1255 1318 lavacrum
1285 1271 1463 1321 ieiunis
1496 1269 1791 1318 coclearium
1816 1279 1857 1311 15

108 1342 131 1390 Ι
172 1358 285 1392 cum
331 1345 443 1391 vino
491 1342 638 1392 dulci.
709 1350 758 1392 et
804 1345 846 1392 si
892 1349 1064 1392 venter
1103 1358 1202 1391 non
1241 1343 1412 1408 fuerit,
1459 1343 1667 1408 clystere
1707 1343 1789 1391 de-

108 1415 366 1466 ducendus
414 1418 510 1465 erit
556 1431 615 1465 ex
670 1416 957 1466 decoctione
1010 1415 1230 1466 cantabri
1276 1423 1326 1465 et
1375 1416 1516 1466 betae
1562 1423 1611 1466 et
1661 1416 1788 1465 colo-

110 1490 348 1554 quintidis
388 1505 502 1539 cum
540 1489 647 1539 oleo
689 1497 737 1539 et
776 1491 1014 1539 afronitro
1055 1496 1105 1539 et
1144 1489 1285 1538 melle
1326 1490 1531 1540 modico.

257 1563 388 1612 aliud
434 1565 731 1613 conveniens
778 1566 820 1612 is
868 1566 953 1628 qui
992 1565 1097 1612 sine
1144 1563 1282 1612 febre
1330 1564 1528 1613 fuerint.
1599 1565 1650 1612 in
1694 1578 1790 1612 una

107 1637 440 1701 coloquintide
490 1644 713 1686 excavata
760 1639 926 1686 mittes
972 1652 1172 1702 passum
1212 1643 1296 1686 aut
1334 1636 1540 1686 mulsam
1579 1652 1639 1685 ex
1677 1639 1788 1685 vino
1814 1646 1857 1677 20

232 1874 253 1911 1
287 1866 585 1911 detractionis
617 1868 718 1924 (om.
752 1865 1006 1924 sanguinis)
1031 1880 1090 1923 p:
1123 1866 1373 1911 curationis
1404 1866 1590 1924 sanguis
1622 1866 1720 1923 (sic)
1753 1879 1788 1910 c.

110 1946 136 1985 3
167 1941 392 1997 peruncto
417 1955 467 1997 Ρ.
634 1940 759 1984 dulci
782 1955 839 1997 p:
870 1954 956 1986 om.
989 1955 1025 1986 c.
1182 1945 1211 1984 4
1242 1944 1354 1997 οΡιῆ
1385 1954 1430 1994 c,
1461 1928 1569 2002 app¹
1571 1954 1621 1984 os
1645 1954 1684 1996 Ρ
1713 1940 1789 1993 (cf.

108 2000 210 2044 Aet.
242 2013 293 2056 Ρ.
334 2003 425 2044 647
463 2003 610 2054 extr..)
760 2001 891 2044 aceto
931 2014 975 2044 c:
1015 2000 1154 2044 aneto
1189 2013 1240 2055 Ρ.
1391 1988 1657 2066 dequoques
1689 2002 1793 2042 ante

110 2072 224 2103 corr.
258 2072 293 2102 c.
416 2064 441 2102 6
466 2058 673 2103 ieiunum
697 2059 876 2127 (—nu3)
901 2074 937 2103 c.
1059 2063 1083 2102 ’1
1115 2058 1275 2102 sellem
1291 2072 1342 2114 Ρ.
1464 2062 1490 2101 8
1519 2057 1627 2102 Alia.
1656 2056 1791 2114 pocio

108 2115 344 2161 hictericis
383 2132 426 2162 c.
466 2116 538 2160 Al'
579 2117 857 2178 disintericis
894 2116 1025 2174 potio
1056 2131 1108 2174 Ρ
1287 2116 1420 2160 herbi
1461 2116 1724 2161 subdorefci
1755 2130 1792 2171 c,

107 2175 243 2221 herbi
272 2176 370 2220 rub'
404 2176 644 2221 torrefacti
673 2191 724 2234 Ρ.
846 2182 872 2220 9
903 2176 1037 2222 binas
1070 2191 1113 2232 c,
1151 2175 1217 2219 III
1257 2177 1307 2232 (‘1‘
1338 2177 1529 2232 obscur.)
1555 2190 1605 2232 Ρ.
1729 2174 1793 2219 ci-

106 2235 208 2292 peri
233 2249 274 2279 c:
309 2249 412 2293 qpis
438 2235 675 2292 (quiperis)
692 2250 741 2292 Ρ.
859 2240 914 2280 10
939 2235 1051 2280 cocl’
1055 2251 1090 2281 r.
1117 2237 1178 2290 (et
1200 2236 1270 2279 ita
1290 2239 1477 2292 semper)
1499 2249 1567 2291 cp.
1689 2248 1794 2279 cum

109 2307 234 2350 aqua
274 2295 426 2338 mulsa.
472 2294 625 2339 calida
671 2295 830 2351 (—dos
869 2297 908 2351 c)
948 2294 1082 2339 ciatis
1121 2296 1271 2350 (—tos
1304 2294 1343 2350 c)
1382 2294 1461 2338 ΙΙΙ.
1503 2308 1569 2350 cp.
1739 2297 1790 2336 12

109 2355 214 2397 rute
249 2353 394 2397 ortice
433 2354 581 2397 semin
610 2369 670 2398 m.
704 2368 748 2408 c,
785 2356 900 2399 rute.
935 2353 1106 2398 cortice
1137 2353 1258 2397 sicco
1291 2367 1448 2397 semen
1477 2368 1537 2396 m.
1561 2366 1613 2408 Ρ.
1738 2356 1789 2395 13

108 2411 332 2456 bacarum
363 2426 407 2456 c:
439 2412 608 2456 baccas
632 2427 683 2480 Ρ.
804 2412 1054 2458 arciotidas
1078 2427 1116 2468 c,
1147 2411 1353 2456 orotidas
1370 2426 1420 2468 Ρ.
1540 2411 1712 2455 vocant
1744 2423 1789 2454 e:

109 2468 272 2537 dicunt
293 2484 343 2527 Ρ.
493 2476 553 2515 14
585 2470 724 2527 agrii:
764 2471 900 2528 argui
939 2473 1090 2528 (argui
1119 2472 1202 2525 sic)
1242 2485 1308 2527 οΡ.
1458 2468 1721 2515 vermicarii
1753 2482 1790 2522 c,

109 2525 257 2577 uerui.
297 2543 426 2573 carm
448 2524 485 2588 Ρ
515 2530 698 2587 (νίτρον
739 2532 1001 2588 βερενίκιον
1033 2530 1136 2574 Gal.
1173 2530 1349 2583 XIII,
1389 2531 1515 2584 568).
1696 2541 1789 2571 omi

110 2586 262 2634 cocl'n
296 2587 318 2630 I
348 2589 449 2644 (om.
473 2593 505 2638 3
534 2588 555 2645 Ι
581 2613 633 2620 -
659 2588 844 2646 ieiunis)
869 2604 907 2634 c.
969 2604 1041 2634 an.
1072 2594 1101 2640 5
1133 2589 1203 2633 Ι.
1231 2587 1470 2633 ..ieiunis
1499 2586 1790 2642 cocl'r.1,p

112 2651 167 2690 16
197 2645 353 2690 fluerit
373 2651 435 2704 Ρθ
462 2647 516 2690 in
545 2661 687 2704 marg]
842 2654 895 2692 17
928 2647 1245 2704 coloquintide
1277 2645 1400 2702 (—d'
1431 2647 1484 2702 Ρ)
1516 2660 1583 2702 cp.
1737 2649 1789 2689 19

108 2702 169 2749 is:
204 2704 276 2748 his
308 2719 376 2762 cp.
496 2719 591 2750 una
614 2720 658 2750 c.
689 2721 782 2751 uno
798 2722 848 2764 Ρ.
972 2713 1028 2752 20
1053 2705 1371 2762 coloquintida
1394 2719 1430 2749 c.
1550 2706 1716 2749 cavata
1739 2717 1788 2760 Ρ.

109 2761 268 2866 ἷηίῂίῑεε
306 2778 364 2822 p:
420 2766 526 2808 —te
571 2779 607 2810 c.
811 2781 867 2811 ex
911 2766 1019 2811 vino
1066 2765 1205 2809 melle
1253 2763 1421 2821 (mellis
1460 2766 1516 2820 Ρ)
1562 2766 1792 2820 tempera-

135 2835 211 2866 am
243 2836 309 2879 οΡ.
1282 2838 1285 2841 ·

200 2904 400 2939 Cassius
425 2906 567 2939 Felix
609 2907 666 2939 ed.
690 2907 736 2941 V.
759 2907 868 2940 Rose.
1500 2901 1525 2939 9
