<?xml version="1.0" encoding="UTF-8"?>
<!DOCTYPE html PUBLIC "-//W3C//DTD XHTML 1.0 Transitional//EN"
    "http://www.w3.org/TR/xhtml1/DTD/xhtml1-transitional.dtd">
<html xmlns="http://www.w3.org/1999/xhtml" xml:lang="en" lang="en">
 <head>
  <title>
</title>
<meta http-equiv="Content-Type" content="text/html;charset=utf-8" />
  <meta name='ocr-system' content='tesseract 3.04.00' />
  <meta name='ocr-capabilities' content='ocr_page ocr_carea ocr_par ocr_line ocrx_word'/>
</head>
<body>
  <div class='ocr_page' id='page_1' title='image "./demedicinaexgrae00cassuoft_0264.png"; bbox 0 0 2004 3186; ppageno 0'>
   <div class='ocr_carea' id='block_1_1' title="bbox 825 102 1224 156">
    <p class='ocr_par' dir='ltr' id='par_1_1' title="bbox 825 102 1224 156">
     <span class='ocr_line' id='line_1_1' title="bbox 825 102 1224 156; baseline 0 -16"><span class='ocrx_word' id='word_1_1' title='bbox 825 102 1224 156; x_wconf 72' lang='lat'>—250-</span> 
     </span>
    </p>
   </div>
   <div class='ocr_carea' id='block_1_2' title="bbox 170 217 989 2863">
    <p class='ocr_par' dir='ltr' id='par_1_2' title="bbox 170 217 989 2863">
     <span class='ocr_line' id='line_1_2' title="bbox 179 217 561 275; baseline -0.005 -12"><span class='ocrx_word' id='word_1_2' title='bbox 179 218 334 275; x_wconf 81' lang='lat' dir='ltr'><strong>putor</strong></span> <span class='ocrx_word' id='word_1_3' title='bbox 364 217 457 263; x_wconf 83' lang='lat' dir='ltr'><strong>oris</strong></span> <span class='ocrx_word' id='word_1_4' title='bbox 489 222 561 262; x_wconf 88' lang='grc'><strong>32.</strong></span> 
     </span>
     <span class='ocr_line' id='line_1_3' title="bbox 178 276 837 334; baseline -0.002 -13"><span class='ocrx_word' id='word_1_5' title='bbox 178 276 583 333; x_wconf 83' lang='lat' dir='ltr'><strong>putrisscatorius</strong></span> <span class='ocrx_word' id='word_1_6' title='bbox 614 278 733 334; x_wconf 72' lang='lat' dir='ltr'><strong>(qcp)</strong></span> <span class='ocrx_word' id='word_1_7' title='bbox 769 281 837 321; x_wconf 81' lang='lat'><strong>13.</strong></span> 
     </span>
     <span class='ocr_line' id='line_1_4' title="bbox 178 335 977 392; baseline -0.001 -12"><span class='ocrx_word' id='word_1_8' title='bbox 178 335 407 392; x_wconf 75' lang='lat' dir='ltr'><strong>pyriama</strong></span> <span class='ocrx_word' id='word_1_9' title='bbox 445 335 735 392; x_wconf 87' lang='lat' dir='ltr'><strong>(empirisma</strong></span> <span class='ocrx_word' id='word_1_10' title='bbox 768 337 871 392; x_wconf 80' lang='grc' dir='ltr'><strong>9οΡ)</strong></span> <span class='ocrx_word' id='word_1_11' title='bbox 905 340 977 380; x_wconf 87' lang='grc'><strong>33.</strong></span> 
     </span>
     <span class='ocr_line' id='line_1_5' title="bbox 180 394 979 450; baseline -0.001 -12"><span class='ocrx_word' id='word_1_12' title='bbox 180 404 249 449; x_wconf 83' lang='lat' dir='ltr'><strong>qu</strong></span> <span class='ocrx_word' id='word_1_13' title='bbox 271 415 329 433; x_wconf 87' lang='lat'><strong>==</strong></span> <span class='ocrx_word' id='word_1_14' title='bbox 355 409 379 439; x_wconf 93' lang='lat' dir='ltr'><strong>c</strong></span> <span class='ocrx_word' id='word_1_15' title='bbox 402 394 470 450; x_wconf 84' lang='lat' dir='ltr'><strong>(k)</strong></span> <span class='ocrx_word' id='word_1_16' title='bbox 502 398 608 439; x_wconf 75' lang='lat' dir='ltr'><strong>ante</strong></span> <span class='ocrx_word' id='word_1_17' title='bbox 638 408 680 449; x_wconf 88' lang='lat' dir='ltr'><strong>a,</strong></span> <span class='ocrx_word' id='word_1_18' title='bbox 712 408 754 449; x_wconf 94' lang='lat' dir='ltr'><strong>o,</strong></span> <span class='ocrx_word' id='word_1_19' title='bbox 785 409 837 438; x_wconf 91' lang='lat' dir='ltr'><strong>u:</strong></span> <span class='ocrx_word' id='word_1_20' title='bbox 879 407 979 438; x_wconf 84' lang='lat' dir='ltr'><strong>sca-</strong></span> 
     </span>
     <span class='ocr_line' id='line_1_6' title="bbox 209 453 978 498; baseline 0 -1"><span class='ocrx_word' id='word_1_21' title='bbox 209 453 339 498; x_wconf 89' lang='lat' dir='ltr'><strong>mula</strong></span> <span class='ocrx_word' id='word_1_22' title='bbox 380 457 438 497; x_wconf 89' lang='grc'>20</span> <span class='ocrx_word' id='word_1_23' title='bbox 481 457 523 497; x_wconf 78' lang='lat' dir='ltr'><strong>et</strong></span> <span class='ocrx_word' id='word_1_24' title='bbox 567 453 860 498; x_wconf 87' lang='lat' dir='ltr'><strong>descamatae</strong></span> <span class='ocrx_word' id='word_1_25' title='bbox 907 457 978 497; x_wconf 89' lang='lat'><strong>34.</strong></span> 
     </span>
     <span class='ocr_line' id='line_1_7' title="bbox 207 511 981 568; baseline -0.001 -12"><span class='ocrx_word' id='word_1_26' title='bbox 207 525 292 556; x_wconf 82' lang='lat' dir='ltr'><strong>rec.</strong></span> <span class='ocrx_word' id='word_1_27' title='bbox 327 511 517 556; x_wconf 86' lang='lat' dir='ltr'><strong>calitate</strong></span> <span class='ocrx_word' id='word_1_28' title='bbox 554 525 580 556; x_wconf 86' lang='grc'><strong>0</strong></span> <span class='ocrx_word' id='word_1_29' title='bbox 608 516 697 565; x_wconf 77' lang='lat'><strong>29,</strong></span> <span class='ocrx_word' id='word_1_30' title='bbox 734 511 926 568; x_wconf 87' lang='lat' dir='ltr'><strong>aquatia</strong></span> <span class='ocrx_word' id='word_1_31' title='bbox 957 525 981 555; x_wconf 85' lang='lat' dir='ltr'><strong>c</strong></span> 
     </span>
     <span class='ocr_line' id='line_1_8' title="bbox 170 570 981 625; baseline -0.001 -10"><span class='ocrx_word' id='word_1_32' title='bbox 170 612 174 615; x_wconf 44' lang='grc'><strong>.</strong></span> <span class='ocrx_word' id='word_1_33' title='bbox 210 574 296 625; x_wconf 80' lang='lat'><strong>29,</strong></span> <span class='ocrx_word' id='word_1_34' title='bbox 337 572 537 615; x_wconf 72' lang='lat' dir='ltr'><strong>cassatas</strong></span> <span class='ocrx_word' id='word_1_35' title='bbox 575 584 599 615; x_wconf 84' lang='lat' dir='ltr'><strong>c</strong></span> <span class='ocrx_word' id='word_1_36' title='bbox 636 574 724 625; x_wconf 80' lang='lat'><strong>32,</strong></span> <span class='ocrx_word' id='word_1_37' title='bbox 760 570 981 615; x_wconf 85' lang='lat' dir='ltr'><strong>licamine</strong></span> 
     </span>
     <span class='ocr_line' id='line_1_9' title="bbox 201 629 981 686; baseline 0.003 -14"><span class='ocrx_word' id='word_1_38' title='bbox 201 642 240 685; x_wconf 99' lang='grc' dir='ltr'><em>Ρ</em></span> <span class='ocrx_word' id='word_1_39' title='bbox 279 633 335 673; x_wconf 84' lang='grc'><strong>51</strong></span> <span class='ocrx_word' id='word_1_40' title='bbox 370 655 425 662; x_wconf 89' lang='grc'><strong>-</strong></span> <span class='ocrx_word' id='word_1_41' title='bbox 457 629 779 685; x_wconf 81' lang='lat' dir='ltr'><strong>quactiljarius</strong></span> <span class='ocrx_word' id='word_1_42' title='bbox 817 631 876 686; x_wconf 78' lang='lat' dir='ltr'><strong>(q.</strong></span> <span class='ocrx_word' id='word_1_43' title='bbox 908 631 981 686; x_wconf 86' lang='lat' dir='ltr'>v.),</span> 
     </span>
     <span class='ocr_line' id='line_1_10' title="bbox 211 688 982 745; baseline 0 -14"><span class='ocrx_word' id='word_1_44' title='bbox 211 688 478 744; x_wconf 89' lang='lat' dir='ltr'><strong>dequoques</strong></span> <span class='ocrx_word' id='word_1_45' title='bbox 505 701 590 732; x_wconf 75' lang='lat' dir='ltr'><strong>rec.</strong></span> <span class='ocrx_word' id='word_1_46' title='bbox 613 702 647 745; x_wconf 87' lang='grc' dir='ltr'><em>Ρ</em></span> <span class='ocrx_word' id='word_1_47' title='bbox 672 694 715 734; x_wconf 96' lang='grc'><strong>6.</strong></span> <span class='ocrx_word' id='word_1_48' title='bbox 739 713 798 721; x_wconf 90' lang='lat'><strong>-·</strong></span> <span class='ocrx_word' id='word_1_49' title='bbox 821 701 982 732; x_wconf 90' lang='lat' dir='ltr'><strong>secun-</strong></span> 
     </span>
     <span class='ocr_line' id='line_1_11' title="bbox 184 747 983 803; baseline 0.004 -14"><span class='ocrx_word' id='word_1_50' title='bbox 184 748 286 803; x_wconf 72' lang='lat' dir='ltr'><strong>‚tur</strong></span> <span class='ocrx_word' id='word_1_51' title='bbox 333 751 388 791; x_wconf 82' lang='lat'><strong>21</strong></span> <span class='ocrx_word' id='word_1_52' title='bbox 436 747 496 802; x_wconf 83' lang='lat' dir='ltr'><strong>(et</strong></span> <span class='ocrx_word' id='word_1_53' title='bbox 539 760 624 792; x_wconf 81' lang='lat' dir='ltr'><strong>rec.</strong></span> <span class='ocrx_word' id='word_1_54' title='bbox 671 752 742 791; x_wconf 91' lang='lat'><strong>44.</strong></span> <span class='ocrx_word' id='word_1_55' title='bbox 793 751 871 803; x_wconf 82' lang='lat'><strong>72,</strong></span> <span class='ocrx_word' id='word_1_56' title='bbox 915 761 983 792; x_wconf 86' lang='lat' dir='ltr'><strong>se-</strong></span> 
     </span>
     <span class='ocr_line' id='line_1_12' title="bbox 212 807 784 862; baseline 0.003 -14"><span class='ocrx_word' id='word_1_57' title='bbox 212 807 417 860; x_wconf 86' lang='lat' dir='ltr'><strong>quuntur</strong></span> <span class='ocrx_word' id='word_1_58' title='bbox 449 808 538 862; x_wconf 86' lang='lat'>76).</span> <span class='ocrx_word' id='word_1_59' title='bbox 781 831 784 834; x_wconf 92' lang='lat'>·</span> 
     </span>
     <span class='ocr_line' id='line_1_13' title="bbox 175 864 979 921; baseline 0.001 -14"><span class='ocrx_word' id='word_1_60' title='bbox 175 876 265 920; x_wconf 78' lang='lat' dir='ltr'><strong>pro</strong></span> <span class='ocrx_word' id='word_1_61' title='bbox 305 878 329 908; x_wconf 92' lang='lat' dir='ltr'><strong>c</strong></span> <span class='ocrx_word' id='word_1_62' title='bbox 362 865 431 919; x_wconf 89' lang='lat' dir='ltr'><strong>(k)</strong></span> <span class='ocrx_word' id='word_1_63' title='bbox 471 868 578 908; x_wconf 75' lang='lat' dir='ltr'><strong>ante</strong></span> <span class='ocrx_word' id='word_1_64' title='bbox 615 865 653 909; x_wconf 86' lang='lat' dir='ltr'><strong>i:</strong></span> <span class='ocrx_word' id='word_1_65' title='bbox 696 864 924 921; x_wconf 86' lang='lat' dir='ltr'><strong>quimolia</strong></span> <span class='ocrx_word' id='word_1_66' title='bbox 956 870 979 908; x_wconf 94' lang='lat'>1</span> 
     </span>
     <span class='ocr_line' id='line_1_14' title="bbox 211 924 985 978; baseline 0.003 -13"><span class='ocrx_word' id='word_1_67' title='bbox 211 927 289 968; x_wconf 79' lang='lat' dir='ltr'><strong>etc.</strong></span> <span class='ocrx_word' id='word_1_68' title='bbox 324 924 444 978; x_wconf 85' lang='lat' dir='ltr'><strong>(item</strong></span> <span class='ocrx_word' id='word_1_69' title='bbox 466 936 551 967; x_wconf 74' lang='lat' dir='ltr'><strong>rec.</strong></span> <span class='ocrx_word' id='word_1_70' title='bbox 587 928 655 968; x_wconf 91' lang='lat'><strong>16.</strong></span> <span class='ocrx_word' id='word_1_71' title='bbox 691 928 759 968; x_wconf 91' lang='lat'><strong>17.</strong></span> <span class='ocrx_word' id='word_1_72' title='bbox 794 928 852 967; x_wconf 93' lang='grc'>24</span> <span class='ocrx_word' id='word_1_73' title='bbox 883 937 985 968; x_wconf 77' lang='lat' dir='ltr'><strong>cum</strong></span> 
     </span>
     <span class='ocr_line' id='line_1_15' title="bbox 214 981 985 1039; baseline 0.001 -14"><span class='ocrx_word' id='word_1_74' title='bbox 214 981 401 1026; x_wconf 90' lang='lat' dir='ltr'><strong>cimolia</strong></span> <span class='ocrx_word' id='word_1_75' title='bbox 440 987 510 1027; x_wconf 90' lang='lat'><strong>73.</strong></span> <span class='ocrx_word' id='word_1_76' title='bbox 544 985 601 1026; x_wconf 89' lang='lat'><strong>74</strong></span> <span class='ocrx_word' id='word_1_77' title='bbox 632 985 744 1036; x_wconf 65' lang='lat' dir='ltr'><strong>etc).</strong></span> <span class='ocrx_word' id='word_1_78' title='bbox 814 982 985 1039; x_wconf 88' lang='lat' dir='ltr'><strong>squilla</strong></span> 
     </span>
     <span class='ocr_line' id='line_1_16' title="bbox 210 1041 983 1097; baseline 0.001 -14"><span class='ocrx_word' id='word_1_79' title='bbox 210 1044 267 1083; x_wconf 92' lang='lat'><strong>41</strong></span> <span class='ocrx_word' id='word_1_80' title='bbox 301 1041 372 1096; x_wconf 75' lang='lat' dir='ltr'><strong>(ut</strong></span> <span class='ocrx_word' id='word_1_81' title='bbox 392 1053 478 1086; x_wconf 80' lang='lat' dir='ltr'><strong>rec.</strong></span> <span class='ocrx_word' id='word_1_82' title='bbox 505 1045 574 1085; x_wconf 84' lang='lat'><strong>15.</strong></span> <span class='ocrx_word' id='word_1_83' title='bbox 599 1045 671 1085; x_wconf 89' lang='lat'><strong>43.</strong></span> <span class='ocrx_word' id='word_1_84' title='bbox 700 1046 754 1085; x_wconf 90' lang='lat'>73</span> <span class='ocrx_word' id='word_1_85' title='bbox 779 1046 821 1085; x_wconf 80' lang='lat' dir='ltr'><strong>et</strong></span> <span class='ocrx_word' id='word_1_86' title='bbox 843 1041 983 1097; x_wconf 87' lang='lat' dir='ltr'><strong>squil-</strong></span> 
     </span>
     <span class='ocr_line' id='line_1_17' title="bbox 209 1098 847 1156; baseline 0.003 -14"><span class='ocrx_word' id='word_1_87' title='bbox 209 1098 366 1143; x_wconf 86' lang='lat' dir='ltr'><strong>liticus</strong></span> <span class='ocrx_word' id='word_1_88' title='bbox 397 1100 473 1156; x_wconf 89' lang='lat'><strong>43)</strong></span> <span class='ocrx_word' id='word_1_89' title='bbox 504 1100 582 1144; x_wconf 82' lang='lat' dir='ltr'><strong>sed</strong></span> <span class='ocrx_word' id='word_1_90' title='bbox 612 1100 747 1144; x_wconf 88' lang='lat' dir='ltr'><strong>scilla</strong></span> <span class='ocrx_word' id='word_1_91' title='bbox 779 1105 847 1145; x_wconf 91' lang='grc'><strong>10.</strong></span> 
     </span>
     <span class='ocr_line' id='line_1_18' title="bbox 181 1158 984 1215; baseline 0.001 -13"><span class='ocrx_word' id='word_1_92' title='bbox 181 1162 288 1202; x_wconf 79' lang='lat' dir='ltr'><strong>ante</strong></span> <span class='ocrx_word' id='word_1_93' title='bbox 317 1158 334 1202; x_wconf 91' lang='lat' dir='ltr'><strong>i</strong></span> <span class='ocrx_word' id='word_1_94' title='bbox 366 1179 423 1195; x_wconf 93' lang='lat'><em>=</em></span> <span class='ocrx_word' id='word_1_95' title='bbox 453 1172 521 1215; x_wconf 77' lang='lat' dir='ltr'><strong>yr.</strong></span> <span class='ocrx_word' id='word_1_96' title='bbox 551 1175 602 1202; x_wconf 83' lang='lat' dir='ltr'><strong>v:</strong></span> <span class='ocrx_word' id='word_1_97' title='bbox 635 1158 984 1214; x_wconf 86' lang='lat' dir='ltr'><strong>coloquintidae</strong></span> 
     </span>
     <span class='ocr_line' id='line_1_19' title="bbox 214 1216 983 1274; baseline 0 -14"><span class='ocrx_word' id='word_1_98' title='bbox 214 1221 262 1271; x_wconf 92' lang='lat'><strong>1,</strong></span> <span class='ocrx_word' id='word_1_99' title='bbox 304 1216 618 1274; x_wconf 81' lang='lat' dir='ltr'><strong>ypoquistidis</strong></span> <span class='ocrx_word' id='word_1_100' title='bbox 661 1222 740 1274; x_wconf 88' lang='lat'><strong>33,</strong></span> <span class='ocrx_word' id='word_1_101' title='bbox 788 1222 868 1273; x_wconf 83' lang='lat'>35,</span> <span class='ocrx_word' id='word_1_102' title='bbox 911 1223 983 1262; x_wconf 90' lang='lat'><strong>39.</strong></span> 
     </span>
     <span class='ocr_line' id='line_1_20' title="bbox 211 1275 985 1334; baseline 0.004 -16"><span class='ocrx_word' id='word_1_103' title='bbox 211 1275 454 1331; x_wconf 88' lang='lat' dir='ltr'><strong>diaquilon</strong></span> <span class='ocrx_word' id='word_1_104' title='bbox 485 1279 541 1320; x_wconf 89' lang='lat'>38</span> <span class='ocrx_word' id='word_1_105' title='bbox 576 1278 676 1334; x_wconf 81' lang='lat' dir='ltr'><strong>(rec.</strong></span> <span class='ocrx_word' id='word_1_106' title='bbox 713 1276 985 1333; x_wconf 89' lang='lat' dir='ltr'><strong>diachilon),</strong></span> 
     </span>
     <span class='ocr_line' id='line_1_21' title="bbox 211 1334 985 1392; baseline 0.003 -14"><span class='ocrx_word' id='word_1_107' title='bbox 211 1334 552 1390; x_wconf 81' lang='lat' dir='ltr'><strong>cacoquimiam</strong></span> <span class='ocrx_word' id='word_1_108' title='bbox 600 1340 657 1378; x_wconf 84' lang='lat'><strong>42</strong></span> <span class='ocrx_word' id='word_1_109' title='bbox 706 1334 801 1392; x_wconf 84' lang='lat' dir='ltr'><strong>(se‘d</strong></span> <span class='ocrx_word' id='word_1_110' title='bbox 854 1349 985 1380; x_wconf 88' lang='lat' dir='ltr'><strong>caco-</strong></span> 
     </span>
     <span class='ocr_line' id='line_1_22' title="bbox 211 1393 984 1520; baseline 0.003 -26"><span class='ocrx_word' id='word_1_111' title='bbox 211 1393 984 1520; x_wconf 42' lang='lat' dir='ltr'><strong>gffggggmggsqfiffmffiiqzss</strong></span> 
     </span>
     <span class='ocr_line' id='line_1_23' title="bbox 211 1510 983 1568; baseline 0.003 -14"><span class='ocrx_word' id='word_1_112' title='bbox 211 1510 323 1554; x_wconf 80' lang='lat' dir='ltr'><strong>ritia</strong></span> <span class='ocrx_word' id='word_1_113' title='bbox 361 1516 433 1556; x_wconf 88' lang='lat'><strong>33.</strong></span> <span class='ocrx_word' id='word_1_114' title='bbox 477 1516 547 1555; x_wconf 89' lang='lat'><strong>34.</strong></span> <span class='ocrx_word' id='word_1_115' title='bbox 588 1511 790 1568; x_wconf 89' lang='lat' dir='ltr'><strong>(quiperi</strong></span> <span class='ocrx_word' id='word_1_116' title='bbox 828 1526 865 1568; x_wconf 85' lang='grc' dir='ltr'><em>Ρ</em></span> <span class='ocrx_word' id='word_1_117' title='bbox 912 1516 983 1556; x_wconf 84' lang='grc'><strong>35.</strong></span> 
     </span>
     <span class='ocr_line' id='line_1_24' title="bbox 212 1570 904 1627; baseline 0.003 -14"><span class='ocrx_word' id='word_1_118' title='bbox 212 1574 268 1613; x_wconf 87' lang='lat'><strong>49</strong></span> <span class='ocrx_word' id='word_1_119' title='bbox 300 1573 343 1613; x_wconf 79' lang='lat' dir='ltr'><strong>et</strong></span> <span class='ocrx_word' id='word_1_120' title='bbox 373 1583 429 1626; x_wconf 77' lang='lat' dir='ltr'><strong>cp</strong></span> <span class='ocrx_word' id='word_1_121' title='bbox 457 1574 513 1613; x_wconf 95' lang='grc'>42</span> <span class='ocrx_word' id='word_1_122' title='bbox 544 1571 627 1614; x_wconf 74' lang='lat' dir='ltr'><strong>ubi</strong></span> <span class='ocrx_word' id='word_1_123' title='bbox 657 1570 815 1627; x_wconf 81' lang='lat' dir='ltr'>cyperi</span> <span class='ocrx_word' id='word_1_124' title='bbox 843 1573 904 1627; x_wconf 90' lang='grc'><strong>9).</strong></span> 
     </span>
     <span class='ocr_line' id='line_1_25' title="bbox 182 1628 984 1685; baseline 0.001 -14"><span class='ocrx_word' id='word_1_125' title='bbox 182 1632 290 1673; x_wconf 78' lang='lat' dir='ltr'><strong>ante</strong></span> <span class='ocrx_word' id='word_1_126' title='bbox 319 1628 337 1672; x_wconf 92' lang='lat' dir='ltr'><strong>i</strong></span> <span class='ocrx_word' id='word_1_127' title='bbox 361 1650 417 1666; x_wconf 86' lang='lat'>=</span> <span class='ocrx_word' id='word_1_128' title='bbox 441 1642 509 1685; x_wconf 73' lang='grc' dir='ltr'><strong>9ν.</strong></span> <span class='ocrx_word' id='word_1_129' title='bbox 539 1644 605 1673; x_wconf 74' lang='lat' dir='ltr'><strong>ot:</strong></span> <span class='ocrx_word' id='word_1_130' title='bbox 637 1629 984 1685; x_wconf 85' lang='lat' dir='ltr'><strong>quinotetarum</strong></span> 
     </span>
     <span class='ocr_line' id='line_1_26' title="bbox 211 1687 985 1745; baseline 0.003 -15"><span class='ocrx_word' id='word_1_131' title='bbox 211 1700 266 1743; x_wconf 85' lang='grc'><strong>90</strong></span> <span class='ocrx_word' id='word_1_132' title='bbox 291 1691 361 1744; x_wconf 91' lang='grc'><strong>18,</strong></span> <span class='ocrx_word' id='word_1_133' title='bbox 391 1687 661 1744; x_wconf 81' lang='lat' dir='ltr'><strong>squinuanti</strong></span> <span class='ocrx_word' id='word_1_134' title='bbox 685 1688 985 1745; x_wconf 83' lang='lat' dir='ltr'><strong>squinantum</strong></span> 
     </span>
     <span class='ocr_line' id='line_1_27' title="bbox 216 1746 985 1803; baseline 0.001 -14"><span class='ocrx_word' id='word_1_135' title='bbox 216 1751 254 1789; x_wconf 91' lang='lat'><strong>1.</strong></span> <span class='ocrx_word' id='word_1_136' title='bbox 294 1750 350 1790; x_wconf 91' lang='grc'><strong>42</strong></span> <span class='ocrx_word' id='word_1_137' title='bbox 391 1746 600 1802; x_wconf 87' lang='lat' dir='ltr'><strong>(quiliaci</strong></span> <span class='ocrx_word' id='word_1_138' title='bbox 630 1761 667 1803; x_wconf 89' lang='grc' dir='ltr'><em>Ρ</em></span> <span class='ocrx_word' id='word_1_139' title='bbox 706 1748 790 1791; x_wconf 79' lang='lat' dir='ltr'><strong>ubi</strong></span> <span class='ocrx_word' id='word_1_140' title='bbox 832 1747 985 1792; x_wconf 87' lang='lat' dir='ltr'><strong>ciliaci</strong></span> 
     </span>
     <span class='ocr_line' id='line_1_28' title="bbox 214 1806 984 1862; baseline 0.001 -13"><span class='ocrx_word' id='word_1_141' title='bbox 214 1818 238 1849; x_wconf 86' lang='grc'><strong>0</strong></span> <span class='ocrx_word' id='word_1_142' title='bbox 261 1809 333 1861; x_wconf 90' lang='lat'><strong>48,</strong></span> <span class='ocrx_word' id='word_1_143' title='bbox 363 1809 428 1849; x_wconf 76' lang='lat' dir='ltr'><strong>ut-</strong></span> <span class='ocrx_word' id='word_1_144' title='bbox 446 1806 714 1861; x_wconf 87' lang='lat' dir='ltr'><strong>dequoques</strong></span> <span class='ocrx_word' id='word_1_145' title='bbox 737 1820 775 1862; x_wconf 92' lang='grc' dir='ltr'><em>Ρ</em></span> <span class='ocrx_word' id='word_1_146' title='bbox 808 1807 867 1862; x_wconf 91' lang='grc'><strong>6).</strong></span> <span class='ocrx_word' id='word_1_147' title='bbox 925 1806 984 1861; x_wconf 80' lang='lat' dir='ltr'><strong>cf.</strong></span> 
     </span>
     <span class='ocr_line' id='line_1_29' title="bbox 213 1864 984 1920; baseline 0.001 -12"><span class='ocrx_word' id='word_1_148' title='bbox 213 1864 375 1919; x_wconf 80' lang='lat' dir='ltr'><strong>quilen</strong></span> <span class='ocrx_word' id='word_1_149' title='bbox 405 1866 478 1920; x_wconf 91' lang='lat'><strong>(=</strong></span> <span class='ocrx_word' id='word_1_150' title='bbox 506 1865 686 1920; x_wconf 73' lang='grc' dir='ltr'><strong>κοίλην)</strong></span> <span class='ocrx_word' id='word_1_151' title='bbox 721 1864 841 1909; x_wconf 78' lang='lat' dir='ltr'>Cael.</span> <span class='ocrx_word' id='word_1_152' title='bbox 866 1865 984 1910; x_wconf 82' lang='lat' dir='ltr'>Awr.</span> 
     </span>
     <span class='ocr_line' id='line_1_30' title="bbox 205 1923 987 1980; baseline 0.003 -14"><span class='ocrx_word' id='word_1_153' title='bbox 205 1935 258 1979; x_wconf 91' lang='grc' dir='ltr'><strong>Ρ.</strong></span> <span class='ocrx_word' id='word_1_154' title='bbox 275 1925 380 1968; x_wconf 79' lang='lat'>479.</span> <span class='ocrx_word' id='word_1_155' title='bbox 411 1923 635 1980; x_wconf 88' lang='lat' dir='ltr'><strong>magister</strong></span> <span class='ocrx_word' id='word_1_156' title='bbox 655 1924 987 1980; x_wconf 88' lang='lat' dir='ltr'><strong>conquiliarius</strong></span> 
     </span>
     <span class='ocr_line' id='line_1_31' title="bbox 213 1980 779 2028; baseline 0.007 -4"><span class='ocrx_word' id='word_1_157' title='bbox 213 1980 262 2025; x_wconf 89' lang='lat' dir='ltr'><strong>C.</strong></span> <span class='ocrx_word' id='word_1_158' title='bbox 294 1982 328 2025; x_wconf 93' lang='lat' dir='ltr'><strong>I.</strong></span> <span class='ocrx_word' id='word_1_159' title='bbox 360 1982 412 2025; x_wconf 89' lang='lat' dir='ltr'><strong>L.</strong></span> <span class='ocrx_word' id='word_1_160' title='bbox 443 1982 511 2026; x_wconf 92' lang='lat' dir='ltr'><strong>III</strong></span> <span class='ocrx_word' id='word_1_161' title='bbox 541 1996 614 2028; x_wconf 91' lang='lat' dir='ltr'>no.</span> <span class='ocrx_word' id='word_1_162' title='bbox 648 1986 779 2028; x_wconf 83' lang='grc'>2115.</span> 
     </span>
     <span class='ocr_line' id='line_1_32' title="bbox 243 2041 989 2098; baseline 0.003 -14"><span class='ocrx_word' id='word_1_163' title='bbox 243 2054 353 2084; x_wconf 74' lang='lat' dir='ltr'><strong>nam</strong></span> <span class='ocrx_word' id='word_1_164' title='bbox 384 2041 486 2085; x_wconf 91' lang='lat' dir='ltr'><strong>ci—</strong></span> <span class='ocrx_word' id='word_1_165' title='bbox 506 2041 575 2097; x_wconf 88' lang='lat' dir='ltr'><strong>(ti,</strong></span> <span class='ocrx_word' id='word_1_166' title='bbox 601 2041 662 2096; x_wconf 85' lang='lat' dir='ltr'><strong>di,</strong></span> <span class='ocrx_word' id='word_1_167' title='bbox 690 2042 710 2098; x_wconf 88' lang='lat' dir='ltr'><strong>j</strong></span> <span class='ocrx_word' id='word_1_168' title='bbox 743 2045 851 2086; x_wconf 76' lang='lat' dir='ltr'><strong>ante</strong></span> <span class='ocrx_word' id='word_1_169' title='bbox 875 2044 989 2098; x_wconf 84' lang='lat' dir='ltr'>voc.)</span> 
     </span>
     <span class='ocr_line' id='line_1_33' title="bbox 215 2099 986 2157; baseline 0.004 -15"><span class='ocrx_word' id='word_1_170' title='bbox 215 2119 272 2136; x_wconf 94' lang='lat'>=</span> <span class='ocrx_word' id='word_1_171' title='bbox 303 2116 327 2143; x_wconf 91' lang='lat' dir='ltr'><strong>z</strong></span> <span class='ocrx_word' id='word_1_172' title='bbox 359 2101 439 2156; x_wconf 78' lang='grc' dir='ltr'>(ζ)ε</span> <span class='ocrx_word' id='word_1_173' title='bbox 478 2099 809 2145; x_wconf 85' lang='lat' dir='ltr'><strong>reumatidiato</strong></span> <span class='ocrx_word' id='word_1_174' title='bbox 843 2113 898 2157; x_wconf 83' lang='grc'><strong>90</strong></span> <span class='ocrx_word' id='word_1_175' title='bbox 927 2105 986 2145; x_wconf 91' lang='grc'>40</span> 
     </span>
     <span class='ocr_line' id='line_1_34' title="bbox 214 2158 987 2214; baseline 0.001 -12"><span class='ocrx_word' id='word_1_176' title='bbox 214 2159 285 2214; x_wconf 81' lang='lat' dir='ltr'><strong>(ut</strong></span> <span class='ocrx_word' id='word_1_177' title='bbox 313 2158 603 2203; x_wconf 80' lang='lat' dir='ltr'><strong>iudaeidiant</strong></span> <span class='ocrx_word' id='word_1_178' title='bbox 631 2160 685 2202; x_wconf 76' lang='lat' dir='ltr'><strong>in</strong></span> <span class='ocrx_word' id='word_1_179' title='bbox 719 2160 987 2204; x_wconf 77' lang='lat' dir='ltr'><strong>acrostichis</strong></span> 
     </span>
     <span class='ocr_line' id='line_1_35' title="bbox 216 2215 986 2274; baseline 0.001 -13"><span class='ocrx_word' id='word_1_180' title='bbox 216 2215 534 2262; x_wconf 75' lang='lat' dir='ltr'><strong>Commodiani</strong></span> <span class='ocrx_word' id='word_1_181' title='bbox 592 2218 724 2262; x_wconf 71' lang='lat' dir='ltr'><strong>instr.</strong></span> <span class='ocrx_word' id='word_1_182' title='bbox 786 2218 828 2272; x_wconf 90' lang='grc' dir='ltr'><strong>Ι,</strong></span> <span class='ocrx_word' id='word_1_183' title='bbox 894 2219 986 2274; x_wconf 85' lang='grc'><strong>37),</strong></span> 
     </span>
     <span class='ocr_line' id='line_1_36' title="bbox 214 2275 985 2332; baseline 0.001 -13"><span class='ocrx_word' id='word_1_184' title='bbox 214 2275 361 2320; x_wconf 89' lang='lat' dir='ltr'><strong>oridie</strong></span> <span class='ocrx_word' id='word_1_185' title='bbox 393 2289 447 2332; x_wconf 85' lang='lat' dir='ltr'><strong>cp</strong></span> <span class='ocrx_word' id='word_1_186' title='bbox 479 2280 552 2332; x_wconf 93' lang='lat'><strong>48,</strong></span> <span class='ocrx_word' id='word_1_187' title='bbox 582 2276 882 2332; x_wconf 88' lang='lat' dir='ltr'><strong>hipediocota</strong></span> <span class='ocrx_word' id='word_1_188' title='bbox 914 2281 985 2332; x_wconf 89' lang='lat'><strong>66,</strong></span> 
     </span>
     <span class='ocr_line' id='line_1_37' title="bbox 214 2333 882 2391; baseline 0 -12"><span class='ocrx_word' id='word_1_189' title='bbox 214 2333 474 2391; x_wconf 83' lang='lat' dir='ltr'><strong>gliquiritia</strong></span> <span class='ocrx_word' id='word_1_190' title='bbox 505 2335 673 2391; x_wconf 84' lang='lat' dir='ltr'><strong>(—-cia)</strong></span> <span class='ocrx_word' id='word_1_191' title='bbox 706 2340 776 2379; x_wconf 89' lang='lat'>33.</span> <span class='ocrx_word' id='word_1_192' title='bbox 811 2339 882 2379; x_wconf 87' lang='lat'><strong>34.</strong></span> 
     </span>
     <span class='ocr_line' id='line_1_38' title="bbox 185 2393 984 2451; baseline 0.003 -15"><span class='ocrx_word' id='word_1_193' title='bbox 185 2393 407 2447; x_wconf 79' lang='lat' dir='ltr'><strong>quactile</strong></span> <span class='ocrx_word' id='word_1_194' title='bbox 431 2393 628 2450; x_wconf 88' lang='lat' dir='ltr'><strong>(quatile</strong></span> <span class='ocrx_word' id='word_1_195' title='bbox 654 2395 716 2451; x_wconf 91' lang='grc'><strong>9),</strong></span> <span class='ocrx_word' id='word_1_196' title='bbox 749 2393 984 2449; x_wconf 75' lang='grc' dir='ltr'>(1110οᾒ11-</span> 
     </span>
     <span class='ocr_line' id='line_1_39' title="bbox 215 2451 983 2498; baseline 0.004 -3"><span class='ocrx_word' id='word_1_197' title='bbox 215 2451 356 2498; x_wconf 84' lang='lat' dir='ltr'><strong>arius</strong></span> <span class='ocrx_word' id='word_1_198' title='bbox 389 2478 444 2484; x_wconf 96' lang='lat'>—</span> <span class='ocrx_word' id='word_1_199' title='bbox 483 2453 573 2497; x_wconf 82' lang='lat' dir='ltr'>vid.</span> <span class='ocrx_word' id='word_1_200' title='bbox 609 2466 643 2497; x_wconf 83' lang='grc' dir='ltr'><strong>ε.</strong></span> <span class='ocrx_word' id='word_1_201' title='bbox 678 2452 874 2497; x_wconf 83' lang='lat' dir='ltr'><strong>coactile</strong></span> <span class='ocrx_word' id='word_1_202' title='bbox 905 2456 983 2498; x_wconf 84' lang='lat' dir='ltr'><strong>etc.</strong></span> 
     </span>
     <span class='ocr_line' id='line_1_40' title="bbox 217 2511 986 2567; baseline 0.003 -13"><span class='ocrx_word' id='word_1_203' title='bbox 217 2512 358 2567; x_wconf 87' lang='lat' dir='ltr'><strong>(aqua</strong></span> <span class='ocrx_word' id='word_1_204' title='bbox 405 2513 453 2555; x_wconf 84' lang='lat' dir='ltr'><strong>et</strong></span> <span class='ocrx_word' id='word_1_205' title='bbox 497 2511 650 2556; x_wconf 84' lang='lat' dir='ltr'><strong>ih&#39;ario</strong></span> <span class='ocrx_word' id='word_1_206' title='bbox 693 2511 819 2556; x_wconf 80' lang='lat' dir='ltr'><strong>codd.</strong></span> <span class='ocrx_word' id='word_1_207' title='bbox 861 2532 919 2548; x_wconf 88' lang='lat'><strong>==</strong></span> <span class='ocrx_word' id='word_1_208' title='bbox 958 2526 986 2555; x_wconf 86' lang='lat' dir='ltr'><strong>a</strong></span> 
     </span>
     <span class='ocr_line' id='line_1_41' title="bbox 216 2570 630 2626; baseline 0 -12"><span class='ocrx_word' id='word_1_209' title='bbox 216 2570 509 2626; x_wconf 84' lang='lat' dir='ltr'><strong>quactiliario</strong></span> <span class='ocrx_word' id='word_1_210' title='bbox 540 2573 630 2626; x_wconf 85' lang='grc'><strong>42).</strong></span> 
     </span>
     <span class='ocr_line' id='line_1_42' title="bbox 185 2628 983 2685; baseline 0 -13"><span class='ocrx_word' id='word_1_211' title='bbox 185 2638 335 2682; x_wconf 85' lang='lat' dir='ltr'><strong>quam</strong></span> <span class='ocrx_word' id='word_1_212' title='bbox 366 2628 479 2673; x_wconf 66' lang='lat' dir='ltr'><strong>diua</strong></span> <span class='ocrx_word' id='word_1_213' title='bbox 510 2631 610 2674; x_wconf 85' lang='lat' dir='ltr'><strong>tam</strong></span> <span class='ocrx_word' id='word_1_214' title='bbox 641 2628 722 2673; x_wconf 91' lang='lat' dir='ltr'><strong>diu</strong></span> <span class='ocrx_word' id='word_1_215' title='bbox 753 2643 894 2685; x_wconf 88' lang='lat' dir='ltr'><strong>quam</strong></span> <span class='ocrx_word' id='word_1_216' title='bbox 924 2630 983 2685; x_wconf 89' lang='grc'><strong>(9,</strong></span> 
     </span>
     <span class='ocr_line' id='line_1_43' title="bbox 215 2687 985 2804; baseline 0.001 -15"><span class='ocrx_word' id='word_1_217' title='bbox 215 2687 985 2804; x_wconf 53' lang='lat' dir='ltr'><strong>ffffleffiugtssffefigssssa¹33²</strong></span> 
     </span>
     <span class='ocr_line' id='line_1_44' title="bbox 214 2804 986 2863; baseline 0.001 -15"><span class='ocrx_word' id='word_1_218' title='bbox 214 2804 306 2848; x_wconf 88' lang='lat' dir='ltr'><strong>hoc</strong></span> <span class='ocrx_word' id='word_1_219' title='bbox 336 2806 435 2849; x_wconf 88' lang='lat' dir='ltr'><strong>tam</strong></span> <span class='ocrx_word' id='word_1_220' title='bbox 459 2805 538 2849; x_wconf 89' lang='lat' dir='ltr'><strong>diu</strong></span> <span class='ocrx_word' id='word_1_221' title='bbox 560 2804 705 2851; x_wconf 86' lang='lat' dir='ltr'><strong>facies</strong></span> <span class='ocrx_word' id='word_1_222' title='bbox 731 2819 873 2863; x_wconf 86' lang='lat' dir='ltr'><strong>quam</strong></span> <span class='ocrx_word' id='word_1_223' title='bbox 904 2805 986 2849; x_wconf 88' lang='lat' dir='ltr'><strong>diu</strong></span> 
     </span>
    </p>
   </div>
   <div class='ocr_carea' id='block_1_3' title="bbox 1056 454 1369 510">
    <p class='ocr_par' dir='ltr' id='par_1_3' title="bbox 1056 454 1369 510">
     <span class='ocr_line' id='line_1_45' title="bbox 1056 454 1369 510; baseline 0 -12"><span class='ocrx_word' id='word_1_224' title='bbox 1056 484 1063 490; x_wconf 86' lang='lat'><strong>·</strong></span> <span class='ocrx_word' id='word_1_225' title='bbox 1098 454 1312 510; x_wconf 83' lang='lat' dir='ltr'><strong>petenter</strong></span> <span class='ocrx_word' id='word_1_226' title='bbox 1331 487 1341 497; x_wconf 91' lang='lat'><strong>.</strong></span> <span class='ocrx_word' id='word_1_227' title='bbox 1359 488 1369 498; x_wconf 95' lang='lat'><strong>.</strong></span> 
     </span>
    </p>
   </div>
   <div class='ocr_carea' id='block_1_4' title="bbox 1072 217 1879 1450">
    <p class='ocr_par' dir='ltr' id='par_1_4' title="bbox 1072 217 1879 1450">
     <span class='ocr_line' id='line_1_46' title="bbox 1097 217 1865 275; baseline 0.003 -13"><span class='ocrx_word' id='word_1_228' title='bbox 1097 220 1204 275; x_wconf 87' lang='grc' dir='ltr'><strong>(9Ρ,.</strong></span> <span class='ocrx_word' id='word_1_229' title='bbox 1232 217 1381 262; x_wconf 89' lang='lat' dir='ltr'><strong>donec</strong></span> <span class='ocrx_word' id='word_1_230' title='bbox 1420 219 1460 270; x_wconf 86' lang='grc'><strong>0)</strong></span> <span class='ocrx_word' id='word_1_231' title='bbox 1500 222 1572 262; x_wconf 91' lang='grc'><strong>42.</strong></span> <span class='ocrx_word' id='word_1_232' title='bbox 1647 220 1747 263; x_wconf 88' lang='lat' dir='ltr'><strong>tam</strong></span> <span class='ocrx_word' id='word_1_233' title='bbox 1785 218 1865 264; x_wconf 89' lang='lat' dir='ltr'><strong>diu</strong></span> 
     </span>
     <span class='ocr_line' id='line_1_47' title="bbox 1097 276 1868 334; baseline 0.001 -13"><span class='ocrx_word' id='word_1_234' title='bbox 1097 290 1241 334; x_wconf 87' lang='lat' dir='ltr'><strong>quam</strong></span> <span class='ocrx_word' id='word_1_235' title='bbox 1279 277 1361 320; x_wconf 89' lang='lat' dir='ltr'><strong>diu</strong></span> <span class='ocrx_word' id='word_1_236' title='bbox 1398 276 1460 320; x_wconf 88' lang='lat' dir='ltr'><strong>ad</strong></span> <span class='ocrx_word' id='word_1_237' title='bbox 1495 276 1756 333; x_wconf 76' lang='lat' dir='ltr'><strong>perfectum</strong></span> <span class='ocrx_word' id='word_1_238' title='bbox 1795 291 1868 322; x_wconf 80' lang='lat' dir='ltr'><strong>aa·</strong></span> 
     </span>
     <span class='ocr_line' id='line_1_48' title="bbox 1096 337 1869 393; baseline 0 -12"><span class='ocrx_word' id='word_1_239' title='bbox 1096 337 1234 381; x_wconf 87' lang='lat' dir='ltr'><strong>netur</strong></span> <span class='ocrx_word' id='word_1_240' title='bbox 1271 340 1342 380; x_wconf 89' lang='lat'><strong>68.</strong></span> <span class='ocrx_word' id='word_1_241' title='bbox 1382 359 1439 368; x_wconf 88' lang='lat'><strong>—-</strong></span> <span class='ocrx_word' id='word_1_242' title='bbox 1477 348 1681 393; x_wconf 84' lang='lat' dir='ltr'><strong>appones</strong></span> <span class='ocrx_word' id='word_1_243' title='bbox 1726 349 1869 393; x_wconf 84' lang='lat' dir='ltr'><strong>quam</strong></span> 
     </span>
     <span class='ocr_line' id='line_1_49' title="bbox 1098 393 1870 440; baseline -0.001 -1"><span class='ocrx_word' id='word_1_244' title='bbox 1098 394 1181 439; x_wconf 86' lang='lat' dir='ltr'><strong>diu</strong></span> <span class='ocrx_word' id='word_1_245' title='bbox 1211 407 1261 439; x_wconf 88' lang='lat' dir='ltr'><strong>se</strong></span> <span class='ocrx_word' id='word_1_246' title='bbox 1293 407 1427 438; x_wconf 86' lang='lat' dir='ltr'><strong>scara</strong></span> <span class='ocrx_word' id='word_1_247' title='bbox 1455 393 1582 440; x_wconf 82' lang='lat' dir='ltr'><strong>levet</strong></span> <span class='ocrx_word' id='word_1_248' title='bbox 1613 399 1684 439; x_wconf 87' lang='lat'>68.</span> <span class='ocrx_word' id='word_1_249' title='bbox 1746 408 1870 440; x_wconf 87' lang='lat' dir='ltr'><strong>com-</strong></span> 
     </span>
     <span class='ocr_line' id='line_1_50' title="bbox 1389 452 1870 510; baseline 0 -13"><span class='ocrx_word' id='word_1_250' title='bbox 1389 488 1399 497; x_wconf 93' lang='lat'><strong>.</strong></span> <span class='ocrx_word' id='word_1_251' title='bbox 1416 452 1600 497; x_wconf 82' lang='lat' dir='ltr'><strong>inflabis</strong></span> <span class='ocrx_word' id='word_1_252' title='bbox 1626 453 1702 498; x_wconf 86' lang='lat' dir='ltr'><strong>vel</strong></span> <span class='ocrx_word' id='word_1_253' title='bbox 1729 467 1870 510; x_wconf 83' lang='lat' dir='ltr'><strong>quam</strong></span> 
     </span>
     <span class='ocr_line' id='line_1_51' title="bbox 1100 511 1872 557; baseline 0 -1"><span class='ocrx_word' id='word_1_254' title='bbox 1100 511 1183 556; x_wconf 91' lang='lat' dir='ltr'><strong>diu</strong></span> <span class='ocrx_word' id='word_1_255' title='bbox 1199 511 1290 556; x_wconf 89' lang='lat' dir='ltr'><strong>sibi</strong></span> <span class='ocrx_word' id='word_1_256' title='bbox 1307 547 1316 556; x_wconf 93' lang='lat'><strong>.</strong></span> <span class='ocrx_word' id='word_1_257' title='bbox 1338 546 1348 556; x_wconf 93' lang='lat'><strong>.</strong></span> <span class='ocrx_word' id='word_1_258' title='bbox 1367 547 1376 556; x_wconf 90' lang='lat'><strong>.</strong></span> <span class='ocrx_word' id='word_1_259' title='bbox 1394 511 1587 555; x_wconf 81' lang='lat' dir='ltr'><strong>ventum</strong></span> <span class='ocrx_word' id='word_1_260' title='bbox 1610 512 1785 557; x_wconf 80' lang='lat' dir='ltr'><strong>sentiat</strong></span> <span class='ocrx_word' id='word_1_261' title='bbox 1799 517 1872 556; x_wconf 82' lang='grc'><strong>51.</strong></span> 
     </span>
     <span class='ocr_line' id='line_1_52' title="bbox 1072 570 1873 628; baseline 0 -13"><span class='ocrx_word' id='word_1_262' title='bbox 1072 570 1355 626; x_wconf 73' lang='lat' dir='ltr'><strong>quantitasz</strong></span> <span class='ocrx_word' id='word_1_263' title='bbox 1424 570 1561 615; x_wconf 83' lang='lat' dir='ltr'><strong>fabae</strong></span> <span class='ocrx_word' id='word_1_264' title='bbox 1623 571 1873 628; x_wconf 77' lang='lat' dir='ltr'><strong>aegyptiae</strong></span> 
     </span>
     <span class='ocr_line' id='line_1_53' title="bbox 1100 629 1872 687; baseline 0 -13"><span class='ocrx_word' id='word_1_265' title='bbox 1100 629 1375 687; x_wconf 81' lang='lat' dir='ltr'><strong>magnitudo</strong></span> <span class='ocrx_word' id='word_1_266' title='bbox 1407 629 1484 674; x_wconf 83' lang='lat' dir='ltr'><strong>vel</strong></span> <span class='ocrx_word' id='word_1_267' title='bbox 1515 629 1751 685; x_wconf 85' lang='lat' dir='ltr'><strong>quantitas</strong></span> <span class='ocrx_word' id='word_1_268' title='bbox 1789 634 1872 674; x_wconf 90' lang='lat'>-41.</span> 
     </span>
     <span class='ocr_line' id='line_1_54' title="bbox 1073 687 1874 745; baseline 0 -12"><span class='ocrx_word' id='word_1_269' title='bbox 1073 687 1390 743; x_wconf 66' lang='lat' dir='ltr'><strong>quartanarii</strong></span> <span class='ocrx_word' id='word_1_270' title='bbox 1414 688 1514 744; x_wconf 75' lang='lat' dir='ltr'><strong>(qui</strong></span> <span class='ocrx_word' id='word_1_271' title='bbox 1532 689 1616 733; x_wconf 77' lang='lat' dir='ltr'><strong>sub</strong></span> <span class='ocrx_word' id='word_1_272' title='bbox 1640 692 1874 745; x_wconf 75' lang='lat' dir='ltr'><strong>quartana</strong></span> 
     </span>
     <span class='ocr_line' id='line_1_55' title="bbox 1102 748 1435 804; baseline -0.003 -13"><span class='ocrx_word' id='word_1_273' title='bbox 1102 748 1332 804; x_wconf 79' lang='lat' dir='ltr'><strong>laborant)</strong></span> <span class='ocrx_word' id='word_1_274' title='bbox 1364 751 1435 791; x_wconf 80' lang='lat'><strong>55.</strong></span> 
     </span>
     <span class='ocr_line' id='line_1_56' title="bbox 1073 805 1870 862; baseline 0.001 -12"><span class='ocrx_word' id='word_1_275' title='bbox 1073 805 1194 861; x_wconf 88' lang='lat' dir='ltr'><strong>quia</strong></span> <span class='ocrx_word' id='word_1_276' title='bbox 1209 806 1385 862; x_wconf 71' lang='lat' dir='ltr'><strong>(quod):</strong></span> <span class='ocrx_word' id='word_1_277' title='bbox 1402 805 1672 862; x_wconf 74' lang='lat' dir='ltr'><strong>ignorantes</strong></span> <span class='ocrx_word' id='word_1_278' title='bbox 1683 806 1793 862; x_wconf 86' lang='lat' dir='ltr'><strong>quia</strong></span> <span class='ocrx_word' id='word_1_279' title='bbox 1808 840 1819 850; x_wconf 95' lang='lat'><strong>.</strong></span> <span class='ocrx_word' id='word_1_280' title='bbox 1833 841 1844 852; x_wconf 92' lang='lat'><strong>.</strong></span> <span class='ocrx_word' id='word_1_281' title='bbox 1860 842 1870 851; x_wconf 90' lang='lat'><strong>.</strong></span> 
     </span>
     <span class='ocr_line' id='line_1_57' title="bbox 1103 864 1873 922; baseline 0.001 -14"><span class='ocrx_word' id='word_1_282' title='bbox 1103 864 1312 910; x_wconf 77' lang='lat' dir='ltr'><strong>sordidat</strong></span> <span class='ocrx_word' id='word_1_283' title='bbox 1347 864 1502 921; x_wconf 86' lang='lat' dir='ltr'><strong>potius</strong></span> <span class='ocrx_word' id='word_1_284' title='bbox 1535 878 1675 920; x_wconf 87' lang='lat' dir='ltr'><strong>quam</strong></span> <span class='ocrx_word' id='word_1_285' title='bbox 1706 865 1873 922; x_wconf 86' lang='lat' dir='ltr'><strong>depur-</strong></span> 
     </span>
     <span class='ocr_line' id='line_1_58' title="bbox 1104 923 1873 981; baseline 0 -13"><span class='ocrx_word' id='word_1_286' title='bbox 1104 925 1188 981; x_wconf 88' lang='lat' dir='ltr'><strong>get</strong></span> <span class='ocrx_word' id='word_1_287' title='bbox 1226 928 1281 968; x_wconf 86' lang='grc'>29</span> <span class='ocrx_word' id='word_1_288' title='bbox 1322 924 1396 980; x_wconf 76' lang='lat' dir='ltr'>(cf.</span> <span class='ocrx_word' id='word_1_289' title='bbox 1436 923 1610 968; x_wconf 70' lang='grc' dir='ltr'><strong>Ληουεῖ.</strong></span> <span class='ocrx_word' id='word_1_290' title='bbox 1656 924 1692 967; x_wconf 96' lang='lat' dir='ltr'><strong><em>I</em></strong></span> <span class='ocrx_word' id='word_1_291' title='bbox 1697 958 1712 978; x_wconf 90' lang='lat'>,</span> <span class='ocrx_word' id='word_1_292' title='bbox 1742 927 1873 968; x_wconf 83' lang='lat'><strong>83-</strong></span> 
     </span>
     <span class='ocr_line' id='line_1_59' title="bbox 1105 982 1877 1039; baseline -0.003 -11"><span class='ocrx_word' id='word_1_293' title='bbox 1105 986 1200 1038; x_wconf 84' lang='lat'>86).</span> <span class='ocrx_word' id='word_1_294' title='bbox 1261 982 1463 1027; x_wconf 77' lang='lat' dir='ltr'><strong>traditur</strong></span> <span class='ocrx_word' id='word_1_295' title='bbox 1501 982 1626 1026; x_wconf 89' lang='lat' dir='ltr'><strong>enim</strong></span> <span class='ocrx_word' id='word_1_296' title='bbox 1657 983 1784 1039; x_wconf 88' lang='lat' dir='ltr'><strong>quod</strong></span> <span class='ocrx_word' id='word_1_297' title='bbox 1802 1017 1812 1026; x_wconf 97' lang='lat'><strong>.</strong></span> <span class='ocrx_word' id='word_1_298' title='bbox 1833 1019 1842 1026; x_wconf 97' lang='lat'><strong>.</strong></span> <span class='ocrx_word' id='word_1_299' title='bbox 1865 1014 1877 1026; x_wconf 89' lang='lat'><strong>.</strong></span> 
     </span>
     <span class='ocr_line' id='line_1_60' title="bbox 1104 1041 1876 1087; baseline 0.001 -1"><span class='ocrx_word' id='word_1_300' title='bbox 1104 1042 1319 1086; x_wconf 72' lang='lat' dir='ltr'><strong>attenuet</strong></span> <span class='ocrx_word' id='word_1_301' title='bbox 1372 1042 1421 1084; x_wconf 87' lang='lat' dir='ltr'><strong>et</strong></span> <span class='ocrx_word' id='word_1_302' title='bbox 1446 1075 1455 1084; x_wconf 95' lang='lat'><strong>.</strong></span> <span class='ocrx_word' id='word_1_303' title='bbox 1482 1075 1493 1086; x_wconf 96' lang='lat'><strong>.</strong></span> <span class='ocrx_word' id='word_1_304' title='bbox 1518 1075 1528 1085; x_wconf 92' lang='lat'><strong>.</strong></span> <span class='ocrx_word' id='word_1_305' title='bbox 1554 1041 1757 1086; x_wconf 85' lang='lat' dir='ltr'><strong>deducat</strong></span> <span class='ocrx_word' id='word_1_306' title='bbox 1804 1046 1876 1087; x_wconf 88' lang='lat'><strong>43.</strong></span> 
     </span>
     <span class='ocr_line' id='line_1_61' title="bbox 1104 1099 1878 1156; baseline 0.001 -13"><span class='ocrx_word' id='word_1_307' title='bbox 1104 1099 1262 1145; x_wconf 84' lang='lat' dir='ltr'><strong>differt</strong></span> <span class='ocrx_word' id='word_1_308' title='bbox 1291 1113 1321 1144; x_wconf 88' lang='lat' dir='ltr'><strong>a</strong></span> <span class='ocrx_word' id='word_1_309' title='bbox 1358 1099 1530 1144; x_wconf 87' lang='lat' dir='ltr'><strong>diarria.</strong></span> <span class='ocrx_word' id='word_1_310' title='bbox 1568 1100 1788 1156; x_wconf 84' lang='lat' dir='ltr'><strong>quoniam</strong></span> <span class='ocrx_word' id='word_1_311' title='bbox 1807 1134 1818 1144; x_wconf 91' lang='lat'><strong>.</strong></span> <span class='ocrx_word' id='word_1_312' title='bbox 1837 1135 1847 1144; x_wconf 92' lang='lat'><strong>.</strong></span> <span class='ocrx_word' id='word_1_313' title='bbox 1868 1133 1878 1143; x_wconf 94' lang='lat'><strong>.</strong></span> 
     </span>
     <span class='ocr_line' id='line_1_62' title="bbox 1105 1157 1877 1216; baseline 0 -13"><span class='ocrx_word' id='word_1_314' title='bbox 1105 1164 1177 1204; x_wconf 91' lang='lat'><strong>47.</strong></span> <span class='ocrx_word' id='word_1_315' title='bbox 1260 1157 1416 1202; x_wconf 85' lang='lat' dir='ltr'><strong>differt</strong></span> <span class='ocrx_word' id='word_1_316' title='bbox 1475 1158 1754 1216; x_wconf 78' lang='lat' dir='ltr'><strong>podagricus</strong></span> <span class='ocrx_word' id='word_1_317' title='bbox 1817 1159 1877 1203; x_wconf 90' lang='lat' dir='ltr'><strong>ab</strong></span> 
     </span>
     <span class='ocr_line' id='line_1_63' title="bbox 1105 1216 1665 1273; baseline -0.004 -10"><span class='ocrx_word' id='word_1_318' title='bbox 1105 1217 1314 1263; x_wconf 84' lang='lat' dir='ltr'><strong>artritico</strong></span> <span class='ocrx_word' id='word_1_319' title='bbox 1347 1216 1459 1273; x_wconf 90' lang='lat' dir='ltr'><strong>quia</strong></span> <span class='ocrx_word' id='word_1_320' title='bbox 1485 1253 1494 1262; x_wconf 93' lang='lat'><strong>.</strong></span> <span class='ocrx_word' id='word_1_321' title='bbox 1520 1252 1532 1262; x_wconf 89' lang='lat'><strong>.</strong></span> <span class='ocrx_word' id='word_1_322' title='bbox 1557 1254 1568 1264; x_wconf 92' lang='lat'><strong>.</strong></span> <span class='ocrx_word' id='word_1_323' title='bbox 1594 1222 1665 1262; x_wconf 84' lang='grc'><strong>52.</strong></span> 
     </span>
     <span class='ocr_line' id='line_1_64' title="bbox 1077 1276 1879 1333; baseline -0.001 -12"><span class='ocrx_word' id='word_1_324' title='bbox 1077 1276 1290 1333; x_wconf 81' lang='lat' dir='ltr'><strong>quisque</strong></span> <span class='ocrx_word' id='word_1_325' title='bbox 1322 1276 1490 1333; x_wconf 90' lang='lat' dir='ltr'><strong>(omnis</strong></span> <span class='ocrx_word' id='word_1_326' title='bbox 1526 1276 1765 1333; x_wconf 82' lang='lat' dir='ltr'><strong>quisque):</strong></span> <span class='ocrx_word' id='word_1_327' title='bbox 1813 1276 1879 1320; x_wconf 92' lang='lat' dir='ltr'><strong>sic</strong></span> 
     </span>
     <span class='ocr_line' id='line_1_65' title="bbox 1106 1335 1879 1392; baseline -0.001 -12"><span class='ocrx_word' id='word_1_328' title='bbox 1106 1336 1232 1380; x_wconf 88' lang='lat' dir='ltr'><strong>enim</strong></span> <span class='ocrx_word' id='word_1_329' title='bbox 1271 1335 1428 1380; x_wconf 87' lang='lat' dir='ltr'><strong>omnia</strong></span> <span class='ocrx_word' id='word_1_330' title='bbox 1465 1349 1678 1392; x_wconf 87' lang='lat' dir='ltr'><strong>quaeque</strong></span> <span class='ocrx_word' id='word_1_331' title='bbox 1719 1337 1879 1391; x_wconf 89' lang='lat' dir='ltr'><strong>(quae-</strong></span> 
     </span>
     <span class='ocr_line' id='line_1_66' title="bbox 1105 1394 1876 1450; baseline -0.001 -12"><span class='ocrx_word' id='word_1_332' title='bbox 1105 1400 1257 1450; x_wconf 82' lang='lat' dir='ltr'><strong>quae‘?</strong></span> <span class='ocrx_word' id='word_1_333' title='bbox 1314 1394 1372 1449; x_wconf 81' lang='lat' dir='ltr'>cf.</span> <span class='ocrx_word' id='word_1_334' title='bbox 1404 1394 1536 1438; x_wconf 80' lang='lat' dir='ltr'><strong>Neue</strong></span> <span class='ocrx_word' id='word_1_335' title='bbox 1565 1399 1876 1450; x_wconf 87' lang='grc'>2,181.179.</span> 
     </span>
    </p>
   </div>
   <div class='ocr_carea' id='block_1_5' title="bbox 1105 1453 1878 1556">
    <p class='ocr_par' dir='ltr' id='par_1_5' title="bbox 1105 1453 1878 1556">
     <span class='ocr_line' id='line_1_67' title="bbox 1105 1453 1878 1521; baseline 0 -24"><span class='ocrx_word' id='word_1_336' title='bbox 1105 1466 1288 1521; x_wconf 69' lang='lat' dir='ltr'><strong>queque</strong></span> <span class='ocrx_word' id='word_1_337' title='bbox 1310 1466 1353 1509; x_wconf 89' lang='grc'><strong>9,</strong></span> <span class='ocrx_word' id='word_1_338' title='bbox 1385 1466 1660 1509; x_wconf 83' lang='lat' dir='ltr'><strong>quecunque</strong></span> <span class='ocrx_word' id='word_1_339' title='bbox 1687 1454 1761 1510; x_wconf 78' lang='grc' dir='ltr'><strong>σΡ)</strong></span> <span class='ocrx_word' id='word_1_340' title='bbox 1793 1453 1878 1497; x_wconf 87' lang='lat' dir='ltr'><strong>hu-</strong></span> 
     </span>
     <span class='ocr_line' id='line_1_68' title="bbox 1105 1512 1662 1556; baseline -0.002 0"><span class='ocrx_word' id='word_1_341' title='bbox 1105 1512 1234 1556; x_wconf 92' lang='lat' dir='ltr'><strong>mida</strong></span> <span class='ocrx_word' id='word_1_342' title='bbox 1265 1512 1561 1555; x_wconf 82' lang='lat' dir='ltr'><strong>desiccantur</strong></span> <span class='ocrx_word' id='word_1_343' title='bbox 1592 1516 1662 1555; x_wconf 86' lang='lat'><strong>33.</strong></span> 
     </span>
    </p>
   </div>
   <div class='ocr_carea' id='block_1_6' title="bbox 1074 1569 1893 2860">
    <p class='ocr_par' dir='ltr' id='par_1_6' title="bbox 1074 1569 1893 2860">
     <span class='ocr_line' id='line_1_69' title="bbox 1074 1569 1877 1627; baseline -0.003 -11"><span class='ocrx_word' id='word_1_344' title='bbox 1074 1570 1209 1627; x_wconf 81' lang='lat' dir='ltr'><strong>quod</strong></span> <span class='ocrx_word' id='word_1_345' title='bbox 1255 1569 1460 1614; x_wconf 87' lang='lat' dir='ltr'><strong>sufficiat</strong></span> <span class='ocrx_word' id='word_1_346' title='bbox 1502 1572 1571 1614; x_wconf 80' lang='lat' dir='ltr'><strong>vel</strong></span> <span class='ocrx_word' id='word_1_347' title='bbox 1616 1571 1742 1627; x_wconf 89' lang='lat' dir='ltr'><strong>quod</strong></span> <span class='ocrx_word' id='word_1_348' title='bbox 1781 1570 1877 1614; x_wconf 87' lang='lat' dir='ltr'><strong>suf·</strong></span> 
     </span>
     <span class='ocr_line' id='line_1_70' title="bbox 1103 1623 1877 1685; baseline -0.001 -11"><span class='ocrx_word' id='word_1_349' title='bbox 1103 1629 1270 1674; x_wconf 85' lang='lat' dir='ltr'><strong>fecerit</strong></span> <span class='ocrx_word' id='word_1_350' title='bbox 1316 1630 1391 1684; x_wconf 90' lang='lat'><strong>(=</strong></span> <span class='ocrx_word' id='word_1_351' title='bbox 1438 1623 1550 1672; x_wconf 79' lang='grc' dir='ltr'><strong><em>ὅσον</em></strong></span> <span class='ocrx_word' id='word_1_352' title='bbox 1599 1625 1806 1685; x_wconf 78' lang='grc' dir='ltr'><strong>ἐξαρκεῖ)</strong></span> <span class='ocrx_word' id='word_1_353' title='bbox 1848 1643 1877 1685; x_wconf 92' lang='grc'>9</span> 
     </span>
     <span class='ocr_line' id='line_1_71' title="bbox 1106 1687 1874 1744; baseline 0 -12"><span class='ocrx_word' id='word_1_354' title='bbox 1106 1693 1177 1732; x_wconf 83' lang='lat'><strong>29.</strong></span> <span class='ocrx_word' id='word_1_355' title='bbox 1217 1692 1289 1732; x_wconf 84' lang='lat'><strong>34.</strong></span> <span class='ocrx_word' id='word_1_356' title='bbox 1329 1692 1387 1731; x_wconf 86' lang='lat'><strong>40</strong></span> <span class='ocrx_word' id='word_1_357' title='bbox 1427 1687 1570 1743; x_wconf 84' lang='lat' dir='ltr'><strong>(quod</strong></span> <span class='ocrx_word' id='word_1_358' title='bbox 1601 1687 1731 1732; x_wconf 85' lang='lat' dir='ltr'><strong>suffic</strong></span> <span class='ocrx_word' id='word_1_359' title='bbox 1757 1701 1788 1744; x_wconf 88' lang='grc'>9</span> <span class='ocrx_word' id='word_1_360' title='bbox 1819 1693 1874 1732; x_wconf 81' lang='lat'>29</span> 
     </span>
     <span class='ocr_line' id='line_1_72' title="bbox 1106 1746 1876 1801; baseline -0.001 -9"><span class='ocrx_word' id='word_1_361' title='bbox 1106 1748 1191 1801; x_wconf 83' lang='lat' dir='ltr'><strong>bis,</strong></span> <span class='ocrx_word' id='word_1_362' title='bbox 1221 1746 1446 1791; x_wconf 80' lang='lat' dir='ltr'><strong>sufficerit</strong></span> <span class='ocrx_word' id='word_1_363' title='bbox 1476 1750 1533 1790; x_wconf 88' lang='lat'>36</span> <span class='ocrx_word' id='word_1_364' title='bbox 1565 1751 1606 1791; x_wconf 80' lang='lat' dir='ltr'><strong>et</strong></span> <span class='ocrx_word' id='word_1_365' title='bbox 1632 1751 1737 1791; x_wconf 79' lang='lat' dir='ltr'><strong>ante</strong></span> <span class='ocrx_word' id='word_1_366' title='bbox 1759 1759 1876 1791; x_wconf 80' lang='lat' dir='ltr'>corr.</span> 
     </span>
     <span class='ocr_line' id='line_1_73' title="bbox 1106 1805 1880 1861; baseline 0 -11"><span class='ocrx_word' id='word_1_367' title='bbox 1106 1811 1165 1851; x_wconf 85' lang='lat'>34</span> <span class='ocrx_word' id='word_1_368' title='bbox 1196 1810 1237 1850; x_wconf 79' lang='lat' dir='ltr'><strong>et</strong></span> <span class='ocrx_word' id='word_1_369' title='bbox 1268 1806 1337 1850; x_wconf 81' lang='lat' dir='ltr'><strong>bis</strong></span> <span class='ocrx_word' id='word_1_370' title='bbox 1367 1809 1448 1860; x_wconf 84' lang='lat'><strong>42,</strong></span> <span class='ocrx_word' id='word_1_371' title='bbox 1480 1805 1654 1851; x_wconf 74' lang='lat' dir='ltr'><strong>suffieit</strong></span> <span class='ocrx_word' id='word_1_372' title='bbox 1684 1810 1756 1851; x_wconf 82' lang='lat'><strong>32.</strong></span> <span class='ocrx_word' id='word_1_373' title='bbox 1787 1809 1880 1861; x_wconf 77' lang='lat'>47),</span> 
     </span>
     <span class='ocr_line' id='line_1_74' title="bbox 1106 1863 1877 1921; baseline -0.003 -11"><span class='ocrx_word' id='word_1_374' title='bbox 1106 1865 1189 1910; x_wconf 75' lang='lat' dir='ltr'><strong>ubi</strong></span> <span class='ocrx_word' id='word_1_375' title='bbox 1219 1864 1345 1921; x_wconf 88' lang='lat' dir='ltr'><strong>quod</strong></span> <span class='ocrx_word' id='word_1_376' title='bbox 1370 1863 1542 1908; x_wconf 87' lang='lat' dir='ltr'><strong>sufficit</strong></span> <span class='ocrx_word' id='word_1_377' title='bbox 1565 1863 1734 1921; x_wconf 72' lang='lat' dir='ltr'><strong>(suffic)</strong></span> <span class='ocrx_word' id='word_1_378' title='bbox 1766 1877 1877 1909; x_wconf 84' lang='lat' dir='ltr'><strong>sem-</strong></span> 
     </span>
     <span class='ocr_line' id='line_1_75' title="bbox 1103 1924 1410 1980; baseline -0.003 -12"><span class='ocrx_word' id='word_1_379' title='bbox 1103 1937 1189 1980; x_wconf 79' lang='lat' dir='ltr'><strong>per</strong></span> <span class='ocrx_word' id='word_1_380' title='bbox 1217 1924 1310 1978; x_wconf 79' lang='lat' dir='ltr'><strong>fere</strong></span> <span class='ocrx_word' id='word_1_381' title='bbox 1341 1936 1410 1979; x_wconf 82' lang='lat' dir='ltr'>cp.</span> 
     </span>
     <span class='ocr_line' id='line_1_76' title="bbox 1079 1981 1882 2039; baseline -0.002 -12"><span class='ocrx_word' id='word_1_382' title='bbox 1079 1993 1262 2039; x_wconf 79' lang='lat' dir='ltr'><strong>rapere</strong></span> <span class='ocrx_word' id='word_1_383' title='bbox 1293 1982 1408 2027; x_wconf 87' lang='lat' dir='ltr'><strong>folia</strong></span> <span class='ocrx_word' id='word_1_384' title='bbox 1433 1986 1502 2026; x_wconf 87' lang='grc'><strong>56.</strong></span> <span class='ocrx_word' id='word_1_385' title='bbox 1551 1981 1768 2038; x_wconf 85' lang='lat' dir='ltr'><strong>spiritum</strong></span> <span class='ocrx_word' id='word_1_386' title='bbox 1798 1995 1882 2025; x_wconf 85' lang='lat' dir='ltr'><strong>va-</strong></span> 
     </span>
     <span class='ocr_line' id='line_1_77' title="bbox 1109 2041 1707 2099; baseline -0.005 -13"><span class='ocrx_word' id='word_1_387' title='bbox 1109 2041 1234 2099; x_wconf 81' lang='lat' dir='ltr'><strong>poris</strong></span> <span class='ocrx_word' id='word_1_388' title='bbox 1267 2041 1329 2086; x_wconf 90' lang='lat' dir='ltr'><strong>ad</strong></span> <span class='ocrx_word' id='word_1_389' title='bbox 1361 2054 1410 2085; x_wconf 89' lang='lat' dir='ltr'><strong>se</strong></span> <span class='ocrx_word' id='word_1_390' title='bbox 1440 2054 1604 2098; x_wconf 88' lang='lat' dir='ltr'><strong>rapere</strong></span> <span class='ocrx_word' id='word_1_391' title='bbox 1637 2045 1707 2084; x_wconf 90' lang='lat'><strong>34.</strong></span> 
     </span>
     <span class='ocr_line' id='line_1_78' title="bbox 1076 2100 1878 2157; baseline -0.002 -12"><span class='ocrx_word' id='word_1_392' title='bbox 1076 2101 1255 2157; x_wconf 86' lang='lat' dir='ltr'><strong>raptus</strong></span> <span class='ocrx_word' id='word_1_393' title='bbox 1309 2100 1624 2144; x_wconf 87' lang='lat' dir='ltr'><strong>membrorum</strong></span> <span class='ocrx_word' id='word_1_394' title='bbox 1668 2100 1738 2155; x_wconf 77' lang='lat' dir='ltr'><strong>&lt;in</strong></span> <span class='ocrx_word' id='word_1_395' title='bbox 1785 2100 1878 2155; x_wconf 78' lang='lat' dir='ltr'><strong>epi-</strong></span> 
     </span>
     <span class='ocr_line' id='line_1_79' title="bbox 1107 2157 1893 2215; baseline -0.003 -12"><span class='ocrx_word' id='word_1_396' title='bbox 1107 2160 1268 2215; x_wconf 76' lang='lat' dir='ltr'><strong>lepsia)</strong></span> <span class='ocrx_word' id='word_1_397' title='bbox 1312 2163 1382 2203; x_wconf 91' lang='lat'><strong>71.</strong></span> <span class='ocrx_word' id='word_1_398' title='bbox 1432 2157 1700 2203; x_wconf 83' lang='lat' dir='ltr'><strong>vehementi</strong></span> <span class='ocrx_word' id='word_1_399' title='bbox 1738 2160 1893 2214; x_wconf 84' lang='lat' dir='ltr'><strong>raptu.</strong></span> 
     </span>
     <span class='ocr_line' id='line_1_80' title="bbox 1106 2215 1878 2273; baseline 0 -12"><span class='ocrx_word' id='word_1_400' title='bbox 1106 2216 1449 2262; x_wconf 87' lang='lat' dir='ltr'><strong>interficiuntur</strong></span> <span class='ocrx_word' id='word_1_401' title='bbox 1486 2215 1773 2273; x_wconf 82' lang='lat' dir='ltr'><strong>(lyssodecti)</strong></span> <span class='ocrx_word' id='word_1_402' title='bbox 1806 2221 1878 2261; x_wconf 90' lang='lat'><strong>67.</strong></span> 
     </span>
     <span class='ocr_line' id='line_1_81' title="bbox 1105 2275 1797 2320; baseline -0.001 0"><span class='ocrx_word' id='word_1_403' title='bbox 1105 2291 1142 2320; x_wconf 88' lang='lat' dir='ltr'><strong>r.</strong></span> <span class='ocrx_word' id='word_1_404' title='bbox 1175 2275 1445 2320; x_wconf 82' lang='lat' dir='ltr'><strong>cucurbitae</strong></span> <span class='ocrx_word' id='word_1_405' title='bbox 1478 2281 1532 2319; x_wconf 91' lang='lat'><strong>71</strong></span> <span class='ocrx_word' id='word_1_406' title='bbox 1563 2275 1657 2319; x_wconf 82' lang='lat' dir='ltr'>vid.</span> <span class='ocrx_word' id='word_1_407' title='bbox 1687 2288 1721 2320; x_wconf 80' lang='lat' dir='ltr'><strong>s.</strong></span> <span class='ocrx_word' id='word_1_408' title='bbox 1754 2289 1797 2319; x_wconf 80' lang='lat' dir='ltr'><strong>v.</strong></span> 
     </span>
     <span class='ocr_line' id='line_1_82' title="bbox 1075 2333 1881 2379; baseline -0.001 0"><span class='ocrx_word' id='word_1_409' title='bbox 1075 2334 1267 2379; x_wconf 82' lang='lat' dir='ltr'><strong>raritas</strong></span> <span class='ocrx_word' id='word_1_410' title='bbox 1279 2334 1593 2378; x_wconf 89' lang='lat' dir='ltr'><strong>membrorum</strong></span> <span class='ocrx_word' id='word_1_411' title='bbox 1604 2333 1881 2378; x_wconf 88' lang='lat' dir='ltr'><strong>interiorum</strong></span> 
     </span>
     <span class='ocr_line' id='line_1_83' title="bbox 1106 2392 1876 2438; baseline 0 -1"><span class='ocrx_word' id='word_1_412' title='bbox 1106 2398 1179 2438; x_wconf 87' lang='lat'><strong>46.</strong></span> <span class='ocrx_word' id='word_1_413' title='bbox 1204 2418 1259 2426; x_wconf 90' lang='lat'><strong>—-</strong></span> <span class='ocrx_word' id='word_1_414' title='bbox 1283 2393 1531 2438; x_wconf 83' lang='lat' dir='ltr'><strong>rarissimo</strong></span> <span class='ocrx_word' id='word_1_415' title='bbox 1546 2392 1697 2438; x_wconf 89' lang='lat' dir='ltr'><strong>cribro</strong></span> <span class='ocrx_word' id='word_1_416' title='bbox 1715 2406 1876 2437; x_wconf 82' lang='lat' dir='ltr'><strong>cernes</strong></span> 
     </span>
     <span class='ocr_line' id='line_1_84' title="bbox 1076 2486 1878 2568; baseline -0.003 -12"><span class='ocrx_word' id='word_1_417' title='bbox 1076 2486 1285 2556; x_wconf 82' lang='lat' dir='ltr'><strong>rasuras</strong></span> <span class='ocrx_word' id='word_1_418' title='bbox 1316 2511 1664 2568; x_wconf 85' lang='lat' dir='ltr'><strong>(intestinorum</strong></span> <span class='ocrx_word' id='word_1_419' title='bbox 1687 2530 1744 2547; x_wconf 88' lang='lat'><strong>=-</strong></span> <span class='ocrx_word' id='word_1_420' title='bbox 1769 2506 1878 2564; x_wconf 81' lang='grc' dir='ltr'><em>ξύσ-</em></span> 
     </span>
     <span class='ocr_line' id='line_1_85' title="bbox 1107 2569 1878 2628; baseline -0.003 -14"><span class='ocrx_word' id='word_1_421' title='bbox 1107 2572 1247 2628; x_wconf 79' lang='grc' dir='ltr'>ματα)</span> <span class='ocrx_word' id='word_1_422' title='bbox 1289 2569 1511 2614; x_wconf 82' lang='lat' dir='ltr'><strong>emittunt</strong></span> <span class='ocrx_word' id='word_1_423' title='bbox 1541 2573 1613 2614; x_wconf 86' lang='lat'><strong>48.</strong></span> <span class='ocrx_word' id='word_1_424' title='bbox 1671 2583 1776 2614; x_wconf 89' lang='lat' dir='ltr'><strong>cum</strong></span> <span class='ocrx_word' id='word_1_425' title='bbox 1807 2583 1878 2612; x_wconf 89' lang='lat' dir='ltr'><strong>ra-</strong></span> 
     </span>
     <span class='ocr_line' id='line_1_86' title="bbox 1106 2627 1875 2686; baseline -0.004 -13"><span class='ocrx_word' id='word_1_426' title='bbox 1106 2643 1317 2673; x_wconf 86' lang='lat' dir='ltr'><strong>surarum</strong></span> <span class='ocrx_word' id='word_1_427' title='bbox 1370 2628 1610 2686; x_wconf 84' lang='lat' dir='ltr'><strong>egestione</strong></span> <span class='ocrx_word' id='word_1_428' title='bbox 1666 2632 1736 2672; x_wconf 92' lang='grc'><strong>72.</strong></span> <span class='ocrx_word' id='word_1_429' title='bbox 1808 2627 1875 2670; x_wconf 90' lang='lat' dir='ltr'><strong>in-</strong></span> 
     </span>
     <span class='ocr_line' id='line_1_87' title="bbox 1106 2687 1878 2733; baseline -0.005 0"><span class='ocrx_word' id='word_1_430' title='bbox 1106 2688 1384 2733; x_wconf 89' lang='lat' dir='ltr'><strong>testinorum</strong></span> <span class='ocrx_word' id='word_1_431' title='bbox 1414 2699 1624 2732; x_wconf 84' lang='lat' dir='ltr'><strong>rasuram</strong></span> <span class='ocrx_word' id='word_1_432' title='bbox 1659 2699 1716 2731; x_wconf 88' lang='lat' dir='ltr'><strong>ex</strong></span> <span class='ocrx_word' id='word_1_433' title='bbox 1746 2687 1878 2730; x_wconf 88' lang='lat' dir='ltr'><strong>ante·</strong></span> 
     </span>
     <span class='ocr_line' id='line_1_88' title="bbox 1107 2745 1877 2791; baseline -0.004 0"><span class='ocrx_word' id='word_1_434' title='bbox 1107 2746 1290 2791; x_wconf 88' lang='lat' dir='ltr'><strong>cedenti</strong></span> <span class='ocrx_word' id='word_1_435' title='bbox 1321 2745 1443 2790; x_wconf 90' lang='lat' dir='ltr'><strong>malo</strong></span> <span class='ocrx_word' id='word_1_436' title='bbox 1469 2745 1683 2790; x_wconf 84' lang='lat' dir='ltr'><strong>effectam</strong></span> <span class='ocrx_word' id='word_1_437' title='bbox 1715 2749 1786 2789; x_wconf 87' lang='lat'><strong>73.</strong></span> <span class='ocrx_word' id='word_1_438' title='bbox 1818 2770 1877 2777; x_wconf 93' lang='lat'><strong>—-</strong></span> 
     </span>
     <span class='ocr_line' id='line_1_89' title="bbox 1107 2805 1708 2860; baseline -0.003 -11"><span class='ocrx_word' id='word_1_439' title='bbox 1107 2805 1374 2850; x_wconf 85' lang='lat' dir='ltr'><strong>cucurbitae</strong></span> <span class='ocrx_word' id='word_1_440' title='bbox 1405 2818 1567 2849; x_wconf 81' lang='lat' dir='ltr'><strong>rasura</strong></span> <span class='ocrx_word' id='word_1_441' title='bbox 1599 2809 1668 2849; x_wconf 89' lang='lat'><strong>61.</strong></span> <span class='ocrx_word' id='word_1_442' title='bbox 1699 2817 1708 2860; x_wconf 77' lang='lat'><strong>⁴.</strong></span> 
     </span>
    </p>
   </div>
  </div>
 </body>
</html>
