2004 3186
595 791 771 850 Index
816 793 842 850 Ι
887 795 1305 866 graecolatinus

105 889 379 948 (ylossarum
419 889 514 934 scil.
546 903 816 947 yraecarum
853 890 910 934 ab
948 891 1047 947 ipso
1081 890 1237 936 Cassio
1276 892 1417 936 latine
1453 894 1788 950 expositarum).

107 1102 343 1167 ἄγχόνηε
376 1110 504 1154 cuius
534 1110 694 1166 laquei
717 1125 904 1168 suspen-

136 1170 215 1214 dia
262 1169 428 1215 Graeci
474 1183 674 1214 anconas
720 1172 904 1227 vocans,

134 1228 257 1273 unde
276 1263 285 1272 .
305 1262 315 1273 .
336 1261 346 1272 .
364 1229 613 1285 synanoica
642 1229 800 1285 passio
823 1242 904 1274 no·

133 1288 349 1332 minatur.
397 1292 469 1332 37.

106 1340 353 1400 ἄδιψον
371 1347 480 1391 med.
501 1346 561 1391 ad
576 1346 904 1403 repulsandam

134 1405 258 1449 sitim
317 1405 410 1449 uod
432 1405 628 1462 adipson
652 1407 824 1448 vocant·l
848 1410 900 1450 61

132 1467 250 1535 (τοῖς
285 1420 625 1534 ᾳέγκαιομένοις
677 1459 902 1536 ἁρμόζειν

134 1518 252 1567 αὐτὸ
294 1523 376 1566 καὶ
422 1520 504 1567 διὰ
544 1522 684 1566 τοῦτο
724 1519 903 1575 ἄδιψον

132 1577 356 1639 ονομοὶζει
375 1582 669 1638 Asclepiades
689 1594 770 1626 see.
796 1581 900 1627 Gal.

131 1640 254 1696 XIII,
289 1643 406 1697 145).
460 1642 583 1685 hwne
612 1641 758 1685 locum
787 1641 903 1685 male

130 1701 317 1756 respicit
362 1700 535 1744 Simon.
593 1712 627 1745 s.
675 1699 811 1755 dipsa
856 1714 900 1756 8.

133 1759 247 1803 sitis.
294 1760 414 1803 Item
432 1758 617 1804 Cassius
641 1758 773 1802 Felix
797 1771 897 1814 cap.

133 1818 191 1862 de
222 1832 423 1862 causone
456 1817 650 1874 dipseon
682 1817 858 1861 sitiens.

101 1869 366 1933 αἐἰζωοντ
376 1877 548 1920 herbae
559 1875 901 1932 semper-dven-

130 1936 193 1980 tis
225 1950 364 1992 quam
397 1935 528 1980 aizon
558 1937 729 1979 vocant
756 1948 810 1991 ep
843 1939 899 1979 56

132 1994 296 2051 (herba
334 1993 675 2051 semper-vivum
694 2027 703 2036 .
724 2027 733 2038 .
752 2029 762 2038 .

130 2053 373 2109 pervivens
404 2055 520 2109 Ap„
551 2053 628 2097 sed
658 2067 732 2110 ap.
769 2052 898 2096 Ptin.

131 2117 210 2167 18,
262 2117 345 2156 159
408 2117 450 2156 et
512 2112 664 2156 Marc.
713 2125 761 2168 p.
810 2115 897 2155 217

131 2171 312 2228 aizoum
330 2208 339 2216 .
361 2207 370 2216 .
391 2206 400 2215 .
419 2170 566 2215 latine
599 2170 795 2226 sedum).

101 2229 269 2283 αἱμαε
295 2244 400 2274 cum
419 2229 657 2287 sanguinis
674 2242 899 2286 supernae

130 2289 390 2334 ducationis
449 2288 724 2345 (ductionis,
788 2287 899 2332 edu-

131 2348 298 2393 ctionis
313 2353 367 2392 ut
387 2352 429 2392 et
444 2347 576 2405 Sim.)
591 2345 898 2392 reiacizatione

130 2421 270 2462 quam
282 2406 442 2451 Graeci
456 2408 632 2451 ematos
652 2419 898 2464 anagogen

130 2467 301 2509 vocant
330 2479 360 2522 9
390 2470 460 2510 39.
515 2479 573 2510 ex
603 2465 897 2510 annecedenti

131 2524 371 2581 sanguinis
410 2523 714 2569 reiaotatione
757 2538 898 2580 quam

130 2583 297 2628 Graeci
307 2585 483 2628 ematos
494 2584 898 2640 anagogen(—ges

127 2644 207 2700 91⁰)
233 2642 395 2686 dicunt
415 2656 445 2699 y
468 2646 525 2686 40
558 2644 634 2698 (cf.
659 2642 897 2686 ischemon

130 2707 201 2746 30.
236 2706 313 2758 39,
354 2701 579 2758 poliemos
620 2707 660 2746 6.
693 2706 750 2745 30
785 2703 895 2756 θέα).

129 2765 289 2805 contra
311 2761 362 2804 in
386 2760 511 2804 Plin.
529 2760 649 2817 Auq.
666 2773 760 2804 ‘non
776 2773 894 2813 ema,

127 2834 325 2864 ——emon
363 2820 439 2864 sed
477 2818 697 2876 „Graecis
729 2819 893 2863 enhae-

782 2006 931 2037 Sem-1

1023 1114 1161 1156 mon“
1208 1117 1275 1167 12,
1310 1117 1364 1157 77
1403 1116 1455 1156 ut
1494 1113 1645 1169 „quod
1683 1113 1789 1160 ideo

1025 1172 1217 1216 vocatur
1247 1172 1479 1216 horaeon“
1515 1176 1582 1227 11,
1615 1177 1686 1216 36.

996 1242 1344 1301 αἱμαγωγόνε
1376 1244 1634 1301 pessarium
1663 1258 1791 1289 men-

1026 1303 1249 1347 strualem
1301 1302 1573 1359 sanguinem
1623 1317 1791 1360 provo·

1026 1375 1135 1405 cans
1175 1362 1300 1418 quod
1332 1360 1498 1406 Graeci
1530 1375 1790 1419 emagogon

1025 1420 1186 1464 dicunt
1217 1425 1288 1466 80.

994 1491 1364 1548 αἱμοπτυικός
1375 1504 1387 1538 2
1407 1493 1691 1549 emoptoicos
1701 1494 1787 1538 La-

1022 1552 1109 1596 ‘cini
1149 1552 1422 1608 sanguinem
1459 1553 1673 1608 spuentes
1706 1566 1788 1609 ap-

1020 1611 1203 1668 pellant
1250 1616 1304 1655 39
1360 1610 1662 1667 (emoptoicos
1719 1612 1786 1656 sic

1020 1683 1190 1726 semper
1214 1670 1340 1715 codd.
1365 1670 1476 1714 med.
1502 1670 1579 1713 lat.
1612 1673 1789 1724 veteres,

1019 1730 1139 1773 unde
1161 1729 1277 1772 male
1299 1729 1416 1773 idem
1443 1728 1606 1772 habent
1623 1727 1790 1773 Graece:

1020 1791 1223 1832 recentes.
1267 1787 1324 1842 ef.
1348 1786 1505 1831 Simon
1528 1786 1640 1831 Jan.
1659 1800 1694 1832 8.
1711 1788 1787 1844 v.).

992 1860 1356 1928 αἱμορραγίαι
1400 1859 1607 1904 matricis
1639 1874 1787 1905 emor-

1019 1919 1185 1977 ragian
1210 1919 1466 1976 (emorogia
1489 1933 1525 1975 c,
1555 1923 1607 1962 ut
1631 1918 1788 1963 Simon

1019 1992 1052 2023 s.
1086 1993 1126 2023 v.
1166 1983 1208 2023 et
1247 1978 1375 2023 codd.
1417 1978 1544 2045 Ρζίη
1581 1978 1609 2023 l.
1642 1977 1785 2023 XXII.

1019 2037 1184 2082 XXIII.
1250 2035 1509 2094 emorrogia
1539 2038 1593 2092 p)
1637 2035 1786 2080 latino

1020 2109 1228 2141 sermone
1255 2095 1495 2153 sanguinis
1518 2095 1692 2139 fluxum
1711 2095 1788 2139 vel

1019 2155 1300 2212 profluvium
1333 2154 1529 2199 dicimus
1562 2158 1631 2199 82.

990 2221 1321 2274 ἀκάκιστον·
1369 2227 1570 2284 simplici
1616 2240 1785 2284 purga-

1018 2287 1140 2332 torio
1173 2289 1221 2331 et
1253 2287 1350 2331 sine
1382 2286 1540 2342 aliqua
1570 2285 1783 2342 maligni

1017 2348 1133 2401 tate,
1172 2347 1298 2402 quod
1329 2345 1493 2390 Graeci
1524 2344 1786 2388 caciscaton

998 2407 1074 2474 ”,(c
1106 2405 1356 2450 0801811001]
1381 2407 1436 2460 p)
1466 2403 1635 2448 vocant
1667 2406 1741 2447 76.

986 2457 1186 2522 αἷκρονε
1242 2477 1462 2507 manuum
1512 2475 1566 2505 ac
1611 2460 1784 2517 pedum

1017 2537 1126 2567 acra
1170 2522 1221 2566 id
1262 2524 1334 2567 881,
1380 2520 1665 2565 summibates
1711 2523 1782 2562 30.

1018 2595 1127 2626 acra
1159 2581 1251 2626 oris
1287 2579 1440 2638 spatia
1470 2583 1539 2624 35.

986 2636 1255 2708 ακρασὶαε
1270 2635 1629 2694 intemperantia
1638 2637 1783 2701 [corn-

1014 2698 1245 2756 plexionis
1262 2699 1367 2743 add
1382 2695 1557 2763 Simpn]
1576 2707 1716 2750 corpo
1725 2709 1784 2736 ris

1004 2771 1155 2827 quam
1164 2756 1328 2802 Graeci
1344 2754 1550 2800 acrasian
1560 2753 1726 2798 vocant
1741 2757 1783 2797 6.

984 2809 1236 2876 ακριβὴςτ
1254 2813 1479 2860 bertianus
1498 2811 1653 2870 (tipus)
1676 2824 1782 2854 ma

1428 2885 1516 2930 13*
