2004 3186
773 115 1167 168 —233—

157 233 279 277 inter
302 231 427 276 diem
451 236 520 276 33.
549 235 620 275 56.
645 235 715 275 57.
751 235 820 275 58.
856 235 923 275 71.

155 290 306 358 pridie
338 292 407 346 (ut
437 291 589 358 prima
618 289 692 334 die
719 290 878 345 54)⁰1’

1047 243 1206 275 corum
1243 229 1493 275 distantiae
1537 230 1655 275 duae
1687 235 1744 274 49
1777 235 1817 275 et

1044 290 1143 333 sim.
1178 293 1246 334 52.
1282 293 1352 333 54.
1386 294 1455 333 65.
1491 293 1563 333 71.
1597 293 1666 334 76.

156 349 252 393 alia
283 348 357 394 die
388 353 459 394 53.
513 349 562 393 in
605 362 699 392 una
738 347 813 392 die
838 348 926 391 ΧΠ
1016 346 1215 393 dlurnis
1270 346 1447 392 diebus
1501 349 1576 403 (=
1624 347 1816 393 cottidie

155 413 227 453 48.
274 423 359 464 per
389 408 512 452 diem
545 412 615 452 61.

127 467 214 522 (113
216 466 437 512 estibilis
468 471 540 511 55.

124 525 344 581 digestio
376 522 557 582 (πέψις)
587 523 740 569 morbi
771 528 841 569 55.

122 583 301 653 digitiz
335 584 459 629 circa
489 583 695 629 medium
723 582 924 640 digitum

153 644 383 688 minorem
415 644 463 699 (i.
487 656 522 687 e.
548 642 788 687 anularem
817 642 921 687 Gal.

153 702 233 758 XI,
258 702 364 758 296)
389 706 459 746 43.
486 728 542 734 —
566 701 756 746 maioris
785 701 924 758 digiti

153 761 359 817 (pedum)
401 765 457 804 52
495 761 569 816 (=
603 760 722 805 Cael.
755 761 846 804 chr.
880 764 923 816 5,

154 822 247 876 31).
282 846 337 851 —
370 819 625 876 digitorum
665 819 819 875 capita
851 824 921 864 40.

124 878 418 933 diligentia:
437 878 497 923 ob
511 878 803 935 diligentiam
813 892 923 923 vero

153 937 407 981 curationis
433 937 643 982 conteres
667 971 677 980 .
704 973 713 981 .
742 972 751 981 .
778 941 819 983 4.
861 938 922 992 cf.

152 1001 224 1040 32.
256 1001 326 1040 42.
362 1000 432 1040 56.
468 1001 538 1040 65.
573 1001 641 1040 76.
675 1001 746 1041 82.

122 1054 352 1100 dimissio
369 1055 444 1111 (=
459 1055 685 1111 remissio,
710 1060 763 1099 ut
784 1054 921 1111 Cael.)

154 1119 220 1159 18.
263 1113 542 1158 dimissionis
563 1115 774 1172 tempore
801 1116 921 1197 (opp.

150 1172 450 1228 accessionis)
485 1168 538 1217 71
576 1177 654 1218 etc

122 1231 442 1277 dimissorias
460 1228 714 1288 (ἄνετικός)
734 1232 832 1276 dies
851 1237 920 1277 57.

121 1290 378 1335 inmittere
416 1293 490 1346 (=
523 1291 672 1335 sinere
713 1296 767 1334 21
800 1292 920 1346 etc.):

149 1349 267 1394 solio
307 1349 585 1394 descendere
629 1349 837 1394 dimittes
882 1354 919 1395 1.

150 1407 358 1452 dimittes
398 1410 451 1452 ut
494 1410 710 1464 operetur
750 1413 790 1452 1.
853 1408 921 1452 di-

149 1467 308 1511 mittes
324 1468 378 1511 ut
392 1466 636 1523 infrigidet
653 1471 723 1511 34.
763 1466 919 1511 illines

147 1526 331 1569 vultum
356 1527 403 1570 et
425 1525 635 1570 dimittes
657 1527 760 1571 tota
782 1526 920 1570 nocte

149 1590 175 1629 7
231 1587 305 1640 (=
353 1585 476 1628 sines
527 1584 920 1629 medicamentum

148 1657 334 1687 manere
376 1644 479 1687 tota
523 1645 661 1687 nocte
709 1648 779 1687 31.
829 1645 918 1698 76).

148 1702 391 1746 humorem
431 1701 673 1746 decurrere
709 1700 919 1747 dimittes

149 1765 222 1805 31.
264 1773 349 1817 per
370 1761 522 1805 totam
545 1762 730 1805 noctem
756 1760 920 1805 siccari

149 1819 359 1863 dimittes
411 1824 467 1863 73
512 1820 588 1874 (cf.
631 1819 810 1864 Oribas.
851 1820 919 1863 di-

148 1878 300 1922 mittis
332 1879 455 1922 stare
483 1878 581 1923 dies
611 1879 706 1923 tres
729 1878 806 1933 VI,
833 1883 917 1923 545

147 1939 259 1993 etc).
302 1963 356 1970 —
396 1938 637 1981 humorem
681 1936 919 1982 dimittere

150 1998 224 2051 (=
263 2009 350 2040 rec.
397 1996 627 2052 deponere
668 2011 726 2053 p,
776 1997 918 2052 Petr.)

147 2059 218 2100 29.
252 2059 322 2099 34.
356 2059 425 2099 35.

121 2113 436 2170 diruptiones
498 2118 569 2158 29.
666 2114 919 2158 secundum

148 2172 483 2229 disruptionem
518 2171 852 2230 (diruptionem
876 2175 918 2229 c)

146 2245 371 2275 venarum
401 2244 462 2288 91⁰
494 2236 564 2276 39.

119 2289 437 2335 discurreret
514 2290 647 2336 dolor
726 2290 917 2347 (doloris

146 2348 351 2405 punctio,
376 2351 536 2405 torpor
551 2352 647 2407 etc.)
672 2363 756 2406 per
775 2363 918 2394 mem-

147 2408 233 2451 bra
264 2407 482 2452 discurrit
515 2412 581 2452 18.
617 2413 685 2453 50.
721 2412 792 2454 52.

119 2465 367 2511 discussio
402 2466 638 2523 sanguinis
669 2472 739 2512 30.

120 2524 391 2570 distantiae
431 2526 505 2581 (=
542 2525 828 2570 differentiae
861 2531 916 2570 37

149 2584 418 2640 mamaeam:
452 2585 652 2640 quatuor
675 2584 919 2629 distantias

150 2656 256 2686 cum
310 2641 404 2686 suis
457 2643 698 2688 vocabulis
744 2644 918 2689 habere

148 2715 242 2745 uva
279 2701 538 2746 ostenditur
575 2707 646 2746 35.
711 2702 919 2747 tetanica

150 2759 305 2816 passio
336 2762 430 2804 tres
462 2759 707 2805 distantias
745 2761 917 2806 habere

150 2818 473 2863 manifestatur
505 2824 575 2864 38.
627 2821 734 2864 sunt
763 2819 916 2865 icteri-

1045 406 1298 463 aliquantis
1339 406 1503 451 diebus
1533 410 1586 451 ut
1616 411 1697 461 21,
1735 420 1819 464 per

1044 465 1251 509 triduum
1302 465 1446 510 facies
1502 465 1695 510 cottidie
1743 468 1817 522 68)

1044 538 1073 580 9
1105 530 1175 570 38.
1198 529 1280 568 -42,
1328 538 1352 570 c
1375 529 1445 570 67.
1472 530 1526 569 71
1560 525 1692 581 (male
1717 524 1817 569 diu-

1043 583 1194 627 turnis
1217 583 1381 628 diebus
1404 597 1491 641 901>
1515 588 1586 638 24,
1615 587 1670 629 ut
1684 597 1723 641 p
1745 588 1816 629 38.

1046 647 1114 687 67.
1158 647 1212 686 71
1252 646 1294 686 et
1330 656 1386 699 cp
1424 646 1495 686 42.
1536 618 1607 688 48.
1641 646 1712 688 55.
1746 646 1816 687 59.

1045 706 1102 746 60
1141 702 1200 756 cf.
1238 702 1362 746 inter
1399 701 1540 746 horas
1575 701 1817 746 diuturnas

1044 761 1094 804 et
1106 761 1359 804 nocturnas
1375 774 1413 816 p
1443 762 1533 817 55).
1560 785 1615 793 -—-
1641 760 1818 804 diurnis

1044 818 1208 864 diebus
1238 833 1322 875 per
1353 819 1451 863 dies
1482 832 1575 863 nuo
1607 819 1702 863 XL.
1745 824 1815 863 67.

1044 878 1103 933 cf.
1137 877 1258 923 Cael.
1291 878 1470 934 passim
1511 879 1659 934 (apud
1688 891 1817 935 quem

1041 941 1083 981 et
1130 936 1377 982 cotidianis
1432 936 1596 981 diebus
1642 950 1714 982 ox.
1767 941 1816 993 2,

1042 1000 1106 1041 62
1140 998 1213 1040 cit.
1245 995 1430 1040 Ro'nsch
1461 995 1526 1040 It.
1560 997 1679 1052 343).

1013 1069 1256 1115 diuturna
1264 1070 1420 1126 passio
1439 1071 1558 1125 (opp.
1570 1070 1728 1126 acuta)
1743 1073 1813 1114 49.

1013 1128 1240 1174 divisura
1272 1128 1429 1185 (Cael.)
1465 1132 1531 1172 18.

1013 1187 1217 1232 diversa
1232 1187 1413 1244 podicis
1435 1186 1551 1232 vitia
1570 1188 1646 1244 (=
1662 1187 1814 1243 varia)

1012 1250 1216 1360 dzssma:
1296 1304 1501 1349 omnium
1571 1317 1816 1348 causarum

1042 1364 1265 1421 dogmata
1291 1364 1441 1407 latino
1466 1377 1676 1408 sermone
1709 1377 1815 1408 con-

1042 1423 1292 1467 scriberem
1318 1423 1469 1478 praef.

1011 1481 1259 1526 doliolum
1289 1481 1491 1526 vitreum
1525 1485 1595 1525 76.

1011 1540 1232 1586 dorsalis
1263 1540 1470 1584 medulla
1501 1543 1571 1583 38.

1011 1613 1251 1659 drachma
1276 1616 1351 1670 (=
1373 1613 1461 1671 (113
1483 1613 1552 1657 vel
1575 1612 1631 1656 di.-
1654 1613 1812 1669 brev.):

1041 1672 1238 1730 dragma
1259 1685 1429 1728 semper
1453 1672 1580 1717 codd.
1600 1673 1755 1727 (etiam
1768 1684 1812 1728 9,

1039 1732 1135 1775 nisi
1149 1731 1270 1788 quod
1283 1731 1495 1776 dracmas
1507 1735 1560 1775 11
1578 1734 1631 1774 ut
1640 1743 1813 1788 cygnos

1042 1795 1121 1846 29,
1169 1789 1458 1847 emigranion
1511 1795 1547 1834 1.
1598 1794 1654 1834 29
1700 1791 1811 1845 etc).

1039 1849 1260 1893 trociscos
1279 1848 1541 1906 dragmales
1557 1861 1611 1904 cp
1623 1853 1678 1892 71
1696 1849 1811 1904 (bis).

1036 1909 1098 1962 cf.
1138 1908 1359 1952 trociscos
1398 1907 1642 1964 dragmeos
1677 1907 1812 1954 Alex.

1041 1971 1082 2021 2,
1117 1971 1215 2011 145.
1251 1971 1336 2011 154
1367 1971 1446 2013 etc.

1011 2039 1283 2085 dracontea
1298 2040 1477 2097 (herba)
1490 2057 1500 2084 :
1517 2040 1584 2084 sic
1597 2053 1652 2097 ρο
1665 2039 1811 2095 (Orib.

1039 2101 1150 2155 eta),
1162 2099 1461 2156 dragonteap
1472 2099 1546 2155 (=
1557 2099 1812 2155 ὃρακοντία

1039 2158 1214 2214 Diosc.)
1248 2163 1274 2202 9
1306 2163 1384 2203 etc.

1010 2231 1311 2286 dragantum
1342 2227 1715 2287 (τραγάκανθα)ε
1746 2232 1813 2276 sic

1038 2292 1175 2335 etiam
1204 2305 1234 2348 9
1264 2303 1436 2346 semper
1467 2291 1542 2346 (29
1566 2295 1634 2335 ter
1657 2294 1700 2335 et
1722 2293 1811 2346 33),

1038 2354 1091 2394 ut
1129 2363 1183 2406 cp
1223 2355 1263 2394 7.
1305 2354 1374 2393 29.
1417 2354 1488 2394 33.
1528 2353 1599 2394 46.
1639 2353 1711 2394 48.
1756 2353 1812 2393 66

1038 2412 1118 2454 etc.
1177 2409 1297 2465 (nisi
1355 2409 1475 2464 quod
1534 2408 1737 2452 tracanti
1790 2421 1814 2451 c

1040 2472 1095 2511 29
1135 2481 1228 2512 uno
1276 2467 1370 2511 loco
1417 2471 1458 2510 et
1499 2469 1570 2510 43.
1610 2471 1682 2510 46.
1723 2468 1810 2520 66).

1039 2527 1099 2581 cf.
1129 2526 1395 2571 tracantum
1424 2524 1642 2581 Escolap.
1675 2523 1810 2581 (Som-

1038 2586 1162 2642 9all.,
1176 2584 1257 2629 ubi
1265 2586 1587 2629 tracacantum
1598 2583 1811 2639 Cassia),

1040 2644 1383 2701 dragagantum
1436 2643 1568 2688 Alex.
1583 2676 1595 2699 ,
1654 2644 1811 2698 traga-

1039 2704 1183 2759 ganta
1213 2703 1313 2758 (sub
1348 2702 1407 2757 T)
1443 2700 1567 2746 Orib.
1598 2700 1684 2757 VI,
1710 2705 1809 2744 513.

1010 2761 1207 2817 dropax
1236 2761 1510 2805 describitur
1544 2766 1582 2803 1.

1011 2819 1190 2865 dulcor
1229 2819 1458 2875 (γλεῦκος)
1492 2823 1564 2862 29.
1618 2818 1677 2872 cf.
1709 2817 1810 2861 dui-
