2004 3186
755 109 1160 163 —193—

254 228 399 279 aliud.
460 230 626 278 resina
664 229 790 278 frixa
830 229 995 278 suffita
1032 236 1117 279 aut
1154 232 1204 279 in
1243 231 1489 295 pecudum
1526 233 1603 282 vel
1638 233 1791 284 boum

290 302 552 367 galbanum
584 302 827 367 suffitum,
864 308 949 352 aut
980 302 1253 353 elleborum
1283 306 1479 370 nigrum
1511 312 1595 355 aut
1625 314 1789 372 styrax

101 382 190 426 aut
236 377 336 426 vini
383 376 494 425 faex
540 375 705 425 suffita
751 390 851 424 non
899 374 1058 426 solum
1104 376 1346 427 secundas
1391 378 1655 428 mulierum
1701 380 1789 430 sed

103 451 253 499 etiam
292 450 424 499 fetus
463 454 687 499 mortuos
727 448 956 499 excludit.

251 525 371 572 item
411 524 561 588 potio.
623 523 718 572 tria
758 537 907 587 grana
946 523 1006 572 de
1042 522 1204 573 medio
1237 525 1350 573 citri
1387 524 1530 575 tolles
1569 532 1618 576 et
1655 533 1788 576 teres
1812 537 1835 570 5

101 603 154 646 et
192 611 306 646 cum
344 598 545 661 potione
585 611 740 661 aquae
781 595 963 646 calidae
1002 596 1163 663 dahis,
1211 604 1260 647 et
1307 600 1541 648 continuo
1582 599 1788 650 curabit.

383 723 618 778 LXXXII.
680 728 760 777 Ad
802 730 1177 794 emorragian
1216 731 1500 780 matricis,

249 831 469 881 Matricis
506 834 814 897 emorragian
852 831 1002 881 latino
1043 847 1271 881 sermone
1311 834 1562 898 sanguinis
1600 833 1789 884 fluxum

101 905 178 955 vel
217 905 516 971 profluvium
552 905 775 956 dicimus.
839 912 891 955 et
920 912 996 955 est
1032 907 1196 971 passio
1231 906 1539 968 incurabilis,
1579 909 1786 957 maxime

102 980 146 1028 si
182 978 318 1044 longi
355 981 594 1044 temporis
627 981 692 1029 sit
730 987 780 1029 et
811 995 872 1028 ex
903 979 1214 1029 antecedenti
1251 980 1501 1044 frequenti
1531 979 1784 1031 abortione
1811 993 1855 1025 10

100 1059 151 1102 et
188 1052 467 1102 secundum
503 1052 819 1118 putredinem
858 1054 1151 1102 arteriarum
1190 1053 1351 1102 fuerit'
1380 1060 1556 1103 creata.

249 1126 312 1176 ob
359 1126 662 1191 diligentiam
708 1142 824 1176 vero
872 1127 1143 1175 curationis
1189 1133 1386 1190 oportet
1430 1129 1482 1176 in
1526 1129 1787 1193 principio,

100 1206 364 1265 antequam
401 1202 565 1265 passio
600 1206 823 1265 tempore
864 1199 1099 1249 diuturno
1132 1205 1426 1266 veterescat,
1466 1215 1522 1249 ea
1552 1200 1785 1250 adhibere

100 1289 225 1338 quae
271 1273 464 1323 valeant
510 1275 693 1323 virtute
742 1275 950 1339 styptica
995 1274 1158 1322 omnia
1205 1273 1365 1322 soluta
1409 1273 1659 1322 densando
1710 1273 1786 1323 vel

99 1347 484 1412 constringendo
525 1363 719 1413 sanare,
757 1347 852 1395 hoc
891 1353 967 1396 est
1005 1361 1169 1395 rosam
1201 1348 1402 1412 siccam,
1440 1346 1786 1397 lenticularum
1811 1357 1853 1390 15

98 1422 324 1469 turiones
363 1420 568 1486 virideS‚
615 1427 823 1485 myrtam
864 1422 1070 1486 siccam,
1117 1419 1322 1483 siliquae
1369 1435 1572 1484 graecae
1623 1421 1785 1470 aridos

98 1494 316 1544 ramulos
364 1500 413 1544 et
459 1493 699 1543 caducum
748 1500 992 1559 granatae.
1064 1495 1225 1541 omnia
1270 1495 1322 1542 in
1368 1508 1467 1542 uno
1515 1495 1663 1543 mixta
1702 1494 1784 1542 de-

99 1583 284 1632 coques
318 1583 377 1616 ex
409 1566 600 1617 duabus
630 1566 854 1633 partibus
888 1582 1041 1632 aquae
1082 1573 1132 1615 et
1162 1581 1260 1615 una
1298 1567 1413 1632 vini,
1453 1573 1501 1616 et
1537 1573 1784 1631 ptygmate

99 1642 327 1691 confecto
374 1641 636 1706 diligenter
682 1639 1000 1707 fomentabiS,
1048 1646 1097 1688 et
1134 1641 1307 1689 inicies
1347 1654 1407 1688 ex
1445 1641 1551 1704 ipso
1590 1639 1782 1704 liquore

99 1717 276 1780 supino
311 1714 559 1764 schemate
591 1716 772 1764 iacenti
802 1713 1010 1779 pedibus
1042 1713 1321 1779 patefactiS‚
1353 1711 1606 1778 subposito
1642 1714 1783 1778 prius
1806 1723 1851 1755 20

99 1788 329 1838 clunibus
383 1788 612 1838 cervicali
664 1795 721 1837 ut
773 1803 920 1836 renes
974 1788 1205 1851 patientis
1260 1801 1457 1836 sursum
1513 1788 1781 1853 erigantur,

100 1862 232 1927 quod
280 1861 456 1911 Graeci
501 1868 771 1927 anatropen
816 1861 1000 1910 dicunt.
1073 1866 1192 1909 tunc
1237 1875 1442 1909 mannae
1482 1861 1629 1926 turiS,
1680 1859 1780 1909 alu-

221 1979 244 2017 1
277 1974 356 2018 vel
384 1974 525 2018 boum
566 1975 644 2019 vel
681 1986 814 2019 sones
848 1974 996 2028 (861168
1019 1973 1074 2030 p)
1116 1972 1369 2029 galbanum
1402 1972 1506 2026 (sic)
1536 1984 1603 2028 cp.
1753 1976 1780 2014 2

98 2032 291 2089 galbani
322 2032 461 2076 suffin
490 2033 595 2088 (sic)
629 2047 666 2078 σ.
807 2031 932 2089 nigri
962 2045 998 2076 σ.
1142 2030 1281 2075 stirne
1313 2044 1354 2085 σ,
1389 2030 1557 2075 stirace
1581 2044 1630 2087 p.
1753 2035 1780 2074 3

99 2091 376 2136 secundinae
401 2105 451 2148 p.
595 2097 624 2136 4
655 2106 690 2136 s.
723 2093 771 2136 et
800 2092 1008 2136 mortuos
1039 2090 1163 2134 fetus
1187 2103 1238 2146 p.
1382 2093 1407 2132 5
1440 2090 1509 2133 Ite
1542 2102 1585 2145 σ,
1621 2102 1703 2133 om.
1728 2103 1779 2145 p.

99 2155 126 2194 6
160 2163 283 2206 aqua
313 2150 468 2195 calida
498 2164 534 2195 σ.
671 2150 848 2195 carebit
879 2163 947 2207 cp.
1092 2154 1116 2193 ’1
1148 2148 1223 2192 Ad
1254 2148 1491 2205 emorogia
1519 2147 1727 2191 matricis
1759 2161 1783 2192 c

100 2209 218 2264 (ind.
243 2211 324 2266 p),
355 2209 425 2254 De
456 2209 582 2253 fluxu
612 2208 818 2254 matricis
842 2222 892 2266 p.
1044 2213 1071 2253 8
1103 2207 1341 2264 emorogia
1371 2221 1417 2264 σ,
1450 2206 1707 2263 emorrogia
1729 2219 1782 2262 p.

102 2272 157 2311 10
199 2268 238 2311 si
276 2268 415 2325 longo
457 2270 668 2324 tempore
711 2268 773 2312 sit
813 2281 857 2323 σ,
910 2267 951 2311 81
991 2271 1011 2310 i
1054 2267 1159 2322 (sie)
1205 2266 1337 2323 longi
1376 2265 1600 2322 temporis
1642 2265 1695 2309 fit
1729 2279 1781 2320 p.

98 2326 333 2382 frequenti
365 2352 419 2360 —
452 2328 705 2372 secundum
736 2341 818 2371 om.
852 2340 890 2372 σ.
1025 2325 1268 2370 aboi-sione
1291 2339 1343 2381 p.
1486 2328 1540 2367 13
1571 2325 1780 2380 tempore

99 2386 265 2430 diurno
296 2400 342 2442 σ,
373 2386 591 2431 diuturno
621 2388 831 2443 tempore
854 2399 906 2442 p.
1057 2398 1113 2428 ea.
1150 2398 1232 2428 om.
1273 2397 1317 2440 p.
1469 2387 1524 2425 14
1560 2382 1780 2426 virtutem

100 2442 343 2500 stipticam
364 2458 417 2501 p.
593 2449 647 2489 15
678 2459 785 2489 rosa
815 2446 897 2500 (ro.
922 2445 978 2501 p)
1010 2442 1133 2487 sicea
1163 2456 1230 2499 cp.
1414 2447 1466 2486 16
1497 2440 1702 2485 1111101168
1732 2453 1777 2483 c:

99 2508 297 2563 bitu'i'oe⁸
314 2531 365 2574 p.
471 2519 614 2563 mirta
644 2517 783 2573 (sicca
813 2530 896 2561 om.
922 2518 961 2573 σ)
991 2531 1056 2574 cp.
1166 2521 1219 2560 17
1251 2529 1405 2559 ramos
1429 2529 1464 2559 σ.
1579 2514 1778 2569 grauate

100 2589 170 2632 cp.
290 2591 404 2621 uno:
435 2577 546 2621 uino
577 2591 645 2633 cp.
766 2575 911 2620 mixto
928 2590 988 2633 p,
1019 2576 1154 2619 mitte
1177 2589 1214 2619 σ.
1334 2574 1538 2628 decoque
1563 2586 1599 2615 σ.
1721 2575 1776 2615 18

102 2649 227 2692 aqua
257 2638 306 2680 et
338 2636 446 2680 vino
476 2650 511 2680 σ.
634 2635 854 2691 stigmate
877 2649 935 2691 Ρ,
969 2634 1160 2679 scimate
1191 2647 1215 2678 σ
1247 2634 1324 2689 (cf.
1357 2633 1418 2677 ad
1449 2645 1484 2676 σ.
1515 2635 1577 2675 18
1606 2634 1648 2674 et
1674 2628 1776 2673 Sor.

92 2708 144 2750 p.
177 2699 287 2751 218,
319 2698 378 2740 15
408 2695 556 2751 Erm„
591 2694 673 2739 Th.
705 2694 784 2738 P-r.
807 2707 859 2750 p.
891 2696 986 2748 79).
1166 2697 1222 2736 20
1260 2691 1490 2736 iacentem
1528 2703 1572 2742 σ,
1611 2689 1715 2754 —te
1739 2701 1778 2743 p

102 2754 217 2808 (—ti
241 2756 331 2810 ΡΟ).
451 2758 506 2797 22
539 2755 763 2809 anatropo
796 2767 838 2807 0,
872 2756 1101 2810 anacarpc')
1126 2765 1177 2808 p.
1319 2762 1486 2794 manne
1518 2748 1567 2792 et
1594 2749 1709 2791 tuns
1740 2759 1778 2801 σ,

101 2826 284 2857 manna.
316 2812 467 2857 thuris
491 2827 540 2869 p.

191 2893 385 2928 Cassius
409 2895 568 2936 Felix,
591 2894 647 2930 ed.
672 2895 718 2929 V.
741 2894 851 2927 Bose.
1459 2885 1511 2924 13
