2004 3186
165 274 347 308 annum
387 251 519 325 363)
560 272 599 305 c.
633 272 673 305 a.
705 253 835 305 400:
874 255 1007 304 hunc
1048 255 1180 303 enim
1211 281 1281 288 —
1313 255 1529 317 primum
1569 251 1758 302 scilicet
1789 267 1848 301 ex

167 332 324 380 tribus
358 346 482 396 quos
514 331 820 393 coniungunt
851 329 1093 377 editiones
1126 333 1323 376 nostrae
1356 326 1473 375 olim
1508 329 1559 375 in
1592 326 1849 375 codicibus

163 420 311 454 manu
352 405 549 468 scriptis
589 396 910 469 sepa1·atos*)
950 408 1096 466 atque
1129 403 1259 449 inter
1292 415 1344 449 se
1381 400 1743 449 diversissimos
1777 426 1846 434 —-

164 485 276 527 ante
317 477 484 527 oculos
523 476 696 525 habuit
734 475 1086 539 transtulitque
1125 476 1178 523 in
1218 490 1306 523 sua
1345 469 1673 542 („medicinae
1708 488 1850 537 prae-

165 544 482 618 sentaneae“)
513 552 608 598 iam
638 549 927 598 Theodorus
951 547 1235 597 Priscianus
1269 542 1351 615 (ut
1381 562 1536 596 unum
1568 546 1849 610 exemplum

164 625 383 690 afferam,
430 623 562 687 legas
609 623 669 672 de
715 621 1024 686 parotidibus
1070 621 1112 687 Ι,
1153 619 1185 672 8
1227 622 1302 670 6(1.
1341 622 1541 685 Argent.
1581 635 1695 669 cum
1746 620 1849 669 Gal.

164 713 273 762 eup.
325 696 454 762 XIV,
508 690 827 763 334—36)‚
880 697 1082 759 proprio
1145 695 1322 744 deinde
1384 694 1529 743 titulo
1587 693 1853 759 appellavit

164 779 336 820 auctor
375 785 646 835 anonymus
679 764 742 838 (s.
775 768 836 817 VI
868 769 943 817 vel
982 763 1091 836 vll)
1133 770 1218 833 qui
1257 769 1372 818 ficto
1408 769 1606 816 nomine
1639 762 1850 835 (Anecd.

162 844 226 910 ΙΙ,
272 838 400 911 168)
447 844 631 892 dicitur
678 845 778 891 sive
822 839 1146 908 ‚7Scolapius“
1191 844 1291 891 sive
1328 838 1624 908 ‚‚Galienus“
1669 836 1736 909 (c.
1777 839 1845 891 21

163 918 222 967 de
263 917 502 966 stomachi
540 918 702 966 causis
732 918 899 982 „potio
930 931 1103 980 magna
1138 922 1186 964 et
1224 915 1431 980 probata
1462 931 1490 964 3
1521 914 1756 980 galieno
1788 917 1848 964 in

163 993 515 1055 euporiston
538 989 693 1039 libro
719 986 856 1039 suo“
878 991 908 1038 i.
927 1005 966 1038 e.
985 989 1085 1038 Gal.
1105 1005 1214 1053 eup.
1233 988 1354 1054 XIV,
1372 987 1495 1055 370,
1519 989 1606 1038 ubi
1630 990 1852 1038 auctoris

162 1080 341 1114 nomen
396 1064 526 1128 quod
577 1063 816 1128 praebent
868 1063 1064 1112 codices
1113 1065 1212 1111 mei
1262 1078 1432 1112 omnes
1491 1056 1553 1130 (s,
1598 1056 1849 1130 IX—XI)

163 1139 407 1187 omittitur
446 1139 497 1186 111
538 1137 753 1186 editione
792 1138 990 1202 Argent.
1029 1134 1168 1186 1533
1207 1152 1255 1201 p.
1288 1135 1424 1185 XXX
1464 1152 1506 1185 V.
1539 1130 1614 1204 9).

310 1210 532 1261 Cassium
571 1216 774 1260 noverat
812 1210 1033 1260 Isidorus
1073 1205 1159 1278 (cf.
1199 1208 1250 1276 4,
1284 1208 1332 1276 8,
1363 1208 1399 1259 4
1432 1231 1501 1250 =
1535 1209 1667 1259 Cass.
1702 1225 1741 1258 c.
1775 1206 1849 1259 24

162 1285 222 1334 de
262 1285 374 1348 igne
415 1278 604 1351 sacro),
654 1291 900 1333 noverunt
938 1291 1160 1333 veterum
1201 1290 1462 1333 auctorum
1502 1282 1850 1348 compilatores

163 1357 458 1407 Salernitani
499 1355 861 1426 (Petroncellus
902 1358 1007 1407 cod.
1050 1357 1097 1406 S.
1139 1356 1300 1406 Germ.
1346 1354 1486 1407 1146
1527 1357 1656 1421 apud
1696 1356 1850 1406 Renzi

162 1431 279 1480 Coll.
313 1430 497 1480 Salern.
531 1430 613 1497 IV,
651 1428 754 1482 185
787 1447 892 1496 sqq.
933 1433 1020 1496 qui
1059 1446 1190 1480 nunc
1224 1438 1300 1480 est
1335 1430 1415 1479 lat.
1454 1428 1630 1480 14025
1671 1446 1708 1479 s,
1741 1429 1850 1478 XIV

161 1504 339 1554 Delisle
378 1521 424 1569 p.
464 1502 581 1554 125.
648 1505 708 1554 cf.
741 1505 847 1554 cod.
879 1504 987 1554 Par.
1024 1502 1200 1554 11219
1242 1520 1279 1553 8.
1310 1503 1378 1552 IX
1418 1504 1450 1553 f.
1488 1501 1560 1554 42
1594 1519 1698 1569 sqq.
1740 1503 1849 1554 cod.

160 1578 314 1627 Lond.
346 1577 477 1627 Harl.
510 1575 654 1627 4977
697 1593 733 1627 8.
767 1578 847 1627 XI.
890 1578 1049 1628 Sloan.
1084 1575 1227 1628 2839
1262 1593 1298 1627 8.
1332 1577 1434 1627 XII.
1475 1577 1706 1627 Arundel.
1744 1575 1849 1627 166

162 1667 198 1700 S.
231 1645 346 1719 ΙΧ),
387 1652 472 1700 sed
504 1653 611 1716 ipso
644 1654 841 1701 nomine
874 1658 1054 1701 testem
1086 1653 1205 1700 citat
1235 1646 1384 1720 (locis
1417 1651 1617 1716 quidem
1649 1652 1852 1701 circiter

162 1719 413 1793 ducentis)
453 1740 583 1774 unus
623 1741 663 1773 c.
698 1741 737 1774 a.
776 1723 918 1774 1300
959 1724 1128 1774 Simon
1166 1725 1429 1774 Januensis
1469 1727 1520 1774 in
1559 1725 1716 1774 lexico
1749 1740 1850 1774 me—

161 1798 270 1847 dico
311 1793 700 1866 (recentioribus
732 1798 915 1847 Mathei
947 1797 1166 1847 Silvatici
1205 1798 1506 1848 editionibus
1545 1800 1748 1865 inserto,
1788 1798 1850 1847 de

162 1886 258 1936 qua
303 1887 358 1920 re
404 1870 458 1920 E.
501 1871 668 1936 Meyer
715 1871 888 1921 Gesch.
929 1872 974 1921 d.
1006 1871 1112 1921 Bot.
1152 1870 1235 1938 IV,
1280 1866 1433 1940 173),
1481 1874 1566 1936 qui
1610 1874 1662 1921 in
1709 1887 1850 1936 prae-

161 1945 343 1994 fatione
391 1951 633 1994 auctores
666 1960 931 1994 recensens
976 1960 1223 2011 „quorum
1262 1946 1322 1995 ad
1369 1944 1656 1995 huiusmodi
1694 1945 1850 1995 robur

162 2033 278 2082 sepe
325 2018 508 2067 revolvi
554 2014 833 2068 volumina“
877 2020 949 2068 sic
996 2021 1064 2068 ait
1100 2019 1310 2085 „deinde
1362 2034 1421 2067 ex
1462 2019 1630 2069 Cassio
1669 2018 1851 2085 Felice,

163 2093 248 2156 qui
309 2098 358 2140 et
419 2093 524 2156 ipse
572 2107 598 2140 a
646 2091 872 2142 Cornelio
920 2086 1113 2160 (Celso)
1164 2092 1375 2142 multum
1430 2092 1707 2160 extollitur,
1763 2094 1850 2157 qui

162 2166 382 2213 continet
428 2161 666 2214 tractatus
715 2166 839 2214 duos
887 2166 946 2214 de
993 2162 1255 2229 practica“.
1324 2173 1438 2230 post
1484 2182 1653 2233 quem,
1705 2168 1748 2216 si
1787 2166 1848 2215 de

161 2237 355 2287 Matheo
394 2245 557 2287 taceas
602 2266 663 2273 —
706 2241 749 2287 is
789 2241 918 2288 enim
960 2238 1209 2288 Simonem
1256 2239 1419 2288 reddit
1458 2269 1551 2306 —‚
1602 2240 1848 2290 oblivione

162 2311 391 2360 conditus
437 2313 564 2362 iacet
609 2314 660 2361 in
706 2312 1019 2361 bibliothecis
1057 2328 1216 2377 usque
1257 2313 1316 2361 ad
1360 2313 1479 2362 haec
1519 2321 1689 2363 nostra
1728 2321 1849 2363 tem-
1944 2360 1946 2362 .

160 2400 304 2450 pora,
358 2384 519 2434 tribus
566 2392 758 2435 tantum
813 2385 1068 2435 codicibus
1114 2387 1465 2450 manuscriptis
1509 2387 1640 2451 quod
1697 2389 1849 2436 sciam

277 2541 320 2598 ³¹⁵)
353 2542 563 2599 exemplo
587 2543 694 2586 utor
727 2543 852 2598 quod
874 2556 986 2598 prae
1009 2542 1221 2587 manibus
1251 2543 1322 2586 est
1352 2541 1524 2586 codicis
1549 2542 1850 2586 Ambrosiani

165 2600 217 2653 Q.
251 2605 307 2643 94
340 2615 439 2671 sup.
472 2602 522 2656 (s.
556 2600 656 2657 XV)
689 2600 770 2644 ubi
791 2597 975 2645 Ἕνεστι
1007 2599 1095 2658 μὲν
1125 2600 1237 2656 τῆὸε
1268 2600 1326 2656 τῆ
1361 2601 1499 2659 βίβλω
1531 2601 1737 2657 γαληνοῦ
1760 2603 1849 2656 θη-

161 2674 418 2715 canevam]
453 2655 697 2715 διαφόρων
725 2657 878 2703 νόσων
910 2656 990 2703 διὰ
1015 2659 1108 2703 τῶν
1134 2655 1421 2715 εὐπορίστων
1446 2655 1709 2716 φαρμάκων
1731 2656 1851 2716 πρὸς

162 2715 344 2761 σόλωνα
376 2715 459 2761 τὸν
490 2713 766 2774 ἅρχιητρόνε
796 2743 856 2750 --
889 2718 1146 2775 (praecedit
1176 2717 1377 2774 epistola
1403 2718 1494 2762 inc.
1514 2713 1848 2774 Ἐπιζητήσαν-

160 2772 240 2826 τός
283 2778 493 2830 μου...).
557 2779 760 2821 ceterum
806 2777 863 2821 cf.
903 2777 1198 2821 Ackermann
1241 2777 1291 2820 in
1329 2777 1435 2820 hist.
1477 2776 1568 2821 litt.
1603 2776 1702 2821 Gal.
1742 2777 1763 2820 I
1801 2792 1848 2833 p.

160 2832 298 2878 CLIV
330 2833 399 2879 ed.
431 2835 582 2879 Kfihn.

1978 2839 1988 3186 ffl-Qffl—-w-
