2004 3186
805 171 871 181 -
950 141 1206 194 243-

194 266 263 306 66
321 275 515 305 sucum.
579 257 858 304 .inductum'
882 270 962 313 ap·

190 333 338 377 pones
362 325 432 364 68.
472 319 529 374 cf.
556 317 674 363 Cael.
697 329 769 360 ox.
796 321 844 372 2,
868 319 963 362 216

194 378 586 435 cataplasmatum
668 377 810 451 atque
893 374 962 418 in-

193 437 479 482 ductionum.

160 495 416 541 infantilis
433 496 551 552 (opp.
564 492 740 548 senilis)
751 494 882 537 aetas
892 497 962 538 37.

161 569 399 614 infectiot
444 582 500 612 ex
540 566 796 611 infectione
840 565 963 610 fellis

191 628 345 698 pallor
377 626 580 684 corporis
613 629 684 668 49.

159 686 376 732 influxio
406 685 612 729 humoris
646 688 716 728 23

161 760 441 805 informare
485 758 708 802 trociscos
766 762 836 802 24.
893 762 962 801 39.

192 824 248 863 46
275 824 353 863 etc.
379 820 449 873 (ut
471 818 618 874 simpl.
643 817 846 861 formare
873 817 964 861 col·

193 877 317 934 lyria
349 882 405 921 20
437 878 547 931 etc.)

160 935 464 991 infrigidare
482 941 552 980 30.
580 940 649 979 61.
677 939 747 978 66.
774 961 827 968 -
858 949 962 979 oum

189 995 532 1052 infrigidaverit
571 999 610 1039 2.
655 999 723 1038 18.
767 999 836 1038 61.
894 993 961 1037 di-

189 1054 348 1098 mittes
372 1054 427 1098 ut
449 1053 691 1109 infrigidet
710 1057 780 1096 35.
815 1053 962 1096 donec

188 1112 432 1170 infrigidet
463 1111 705 1169 (infrigdet
735 1114 781 1168 9)
813 1116 886 1157 40.

161 1186 430 1231 infundere
442 1197 457 1231 e
476 1186 661 1230 sacculo
678 1184 830 1230 calido
840 1198 962 1241 aqua

191 1246 344 1290 infuso
371 1251 411 1289 1.
454 1245 632 1289 radices
655 1245 704 1288 in
730 1243 960 1300 oxymelle

188 1304 366 1349 infusas
402 1309 438 1348 1.
485 1303 693 1348 linteolis
729 1303 779 1347 in
809 1303 961 1346 mulsa

191 1363 344 1408 calida
364 1363 529 1406 infusis
556 1366 610 1406 18
635 1363 711 1418 (cf.
734 1362 864 1405 lanas
891 1366 959 1407 62.

192 1427 260 1466 78.
299 1422 533 1479 ptigmata
552 1426 619 1465 18.
648 1426 718 1465 61.
746 1421 833 1474 62).
882 1434 961 1476 pa-

188 1481 343 1538 pirum
366 1479 417 1524 in
441 1481 576 1524 aceto
601 1479 726 1524 salso
746 1479 961 1523 infundes

189 1544 258 1584 20.
329 1539 462 1596 panis
504 1552 648 1595 posca
677 1538 857 1582 infusus
893 1542 961 1581 18.

190 1603 248 1642 24
279 1603 358 1642 etc.
412 1611 543 1654 saepe
568 1599 627 1654 (et
657 1598 796 1642 absol.
834 1597 967 1652 panis

187 1658 366 1701 infusus
398 1661 468 1703 22.
535 1655 774 1700 radicibus
816 1654 967 1711 pridie

188 1715 353 1759 infusis
385 1720 454 1759 34.
504 1714 681 1771 species
717 1713 867 1771 pridie
898 1714 966 1757 in-

188 1775 315 1818 fusas
341 1775 431 1829 42)

161 1833 352 1878 infusio
385 1830 483 1890 (ἔχγ
486 1834 599 1890 υμα)
636 1831 687 1875 in
728 1845 863 1876 nares
895 1837 964 1875 31

188 1892 359 1936 infusio
384 1891 494 1936 salis
527 1890 716 1935 candidi
742 1891 815 1946 (=
841 1904 964 1947 aqua

190 1952 329 2007 salsa)
362 1955 431 1997 29.
479 1950 704 1995 absinthii
730 1950 961 1994 infusione

188 2009 375 2067 potabis
399 2015 468 2053 44.
510 2009 767 2053 infusiones
793 2022 848 2053 ex
867 2009 963 2053 feni

189 2069 347 2126 graeci
385 2082 495 2113 suco
536 2073 606 2113 29.
640 2093 699 2100 —-
730 2067 961 2124 flegmatis

188 2128 360 2172 infusio
394 2133 463 2172 34.
522 2141 578 2172 ex
610 2125 843 2171 infusione
874 2126 960 2170 hu-

188 2187 331 2231 moris
362 2192 433 2231 43.

158 2245 403 2301 inglutire
423 2246 538 2303 (ital.
562 2243 882 2301 inghiottire):
909 2244 963 2288 ut

187 2305 340 2362 ipsum
355 2306 598 2349 humorem
618 2304 879 2361 inglutiant
890 2308 959 2348 44.

159 2364 376 2409 inhibito
407 2364 516 2410 vino
551 2369 589 2407 1.

159 2437 456 2482 iniectorius
495 2435 754 2493 (trociscus)
789 2441 845 2480 51
888 2437 960 2493 (p,

188 2496 509 2540 iniectatorius
550 2509 594 2549 c,
631 2496 751 2539 sicut
791 2496 851 2541 ib
891 2494 960 2538 in-

187 2555 464 2600 iectionibus
487 2568 537 2611 p,
577 2529 960 2598 iniectationibus

190 2617 243 2671 c).

159 2673 392 2718 initiare:
408 2672 540 2716 dolor
547 2672 678 2716 iuxta
684 2672 960 2717 umbilicum

188 2732 379 2777 initians
414 2736 483 2776 51.

157 2791 531 2836 inlinimentum
572 2790 633 2846 (c,
677 2788 961 2834 illimentum

188 2852 265 2907 911)
290 2855 360 2895 35.
410 2851 466 2906 (9,
499 2848 785 2893 illimentum
802 2850 856 2905 p)
889 2854 959 2893 37.

1081 256 1188 299 item
1216 254 1413 298 inlinere
1444 258 1486 298 et
1521 253 1707 298 inlinire
1739 267 1860 310 pae—

1081 314 1168 358 sim
1199 314 1275 369 (cf.
1307 314 1390 356 sub
1422 312 1599 369 linere).

1053 371 1349 417 inmutatice
1390 370 1566 428 egestio
1609 370 1861 428 sanguino·

1083 432 1214 476 lenta
1254 432 1337 474 aut
1373 429 1527 475 fellita
1566 433 1614 475 et
1645 430 1740 474 alia
1769 429 1859 474 im-

1084 491 1282 534 mutatio
1321 489 1529 534 humoris
1568 494 1639 535 48.
1675 514 1728 521 —
1763 489 1856 533 fre-

1084 548 1207 594 nesis
1253 548 1519 593 immutatio
1566 547 1736 592 mentis
1784 553 1854 592 62.

1055 608 1375 652 inordinatae
1406 607 1592 663 (febres)
1626 612 1696 652 21.

1054 667 1306 724 impensas
1336 668 1546 711 recentes
1578 672 1648 711 33.

1054 726 1386 782 inpinguare=
1428 726 1574 782 (intr.)
1622 739 1728 769 cum
1775 725 1858 769 -in-

1083 785 1384 842 pinguaverit
1415 790 1486 829 29.

1054 844 1108 888 in
1139 843 1320 901 primis
1351 843 1399 887 id
1432 846 1504 888 est
1533 842 1583 886 in
1619 842 1855 900 praesenti

1086 908 1142 948 67
1175 905 1234 959 (et
1262 904 1330 947 sic
1358 904 1520 958 saepe).

1054 962 1428 1007 insensibiliter
1459 966 1529 1005 46.

1054 1021 1426 1066 insensibilitas
1458 1025 1527 1065 65,
1564 1026 1633 1065 71.

1054 1080 1269 1125 insessio
1301 1077 1609 1136 (ἐγκάθισμα)
1642 1084 1713 1124 46.

1053 1139 1386 1184 insomnietas
1419 1144 1486 1183 71.

1051 1197 1373 1254 inspicientis
1399 1198 1542 1254 (codd.
1569 1196 1858 1253 inspicienti—

1082 1257 1186 1313 bus)
1233 1257 1394 1313 digitis
1433 1262 1501 1300 66.
1567 1255 1857 1312 inspicientis

1080 1316 1240 1372 palma
1274 1315 1486 1371 pulsatus
1518 1316 1716 1372 (venter)
1752 1320 1819 1359 76.

1053 1374 1317 1419 insufflare
1334 1374 1764 1431 (medicamentum)
1777 1388 1857 1417 na-

1082 1433 1210 1477 ribus
1258 1434 1439 1478 calamo
1487 1438 1555 1477 30.
1612 1446 1696 1489 per
1736 1433 1857 1477 cala-

1083 1508 1211 1536 mum
1235 1492 1491 1536 insufflabis
1510 1497 1581 1536 31.
1623 1493 1679 1546 cf.
1709 1491 1854 1548 Veyet.

1088 1556 1165 1595 etc.
1228 1551 1414 1595 Ro'nsch
1453 1552 1517 1595 It.
1558 1555 1658 1595 208
1697 1550 1858 1607 (insuf-

1086 1610 1216 1654 flatio
1248 1610 1305 1654 R.
1339 1612 1431 1666 81).

1057 1668 1310 1713 insumere
1337 1670 1411 1725 (=
1430 1669 1719 1724 consumere)
1735 1668 1856 1712 vires

1057 1786 1333 1843 insumptio
1365 1786 1569 1842 corporis
1606 1791 1675 1830 49.

1056 1845 1365 1890 insurrectio
1429 1846 1491 1898 (in
1551 1845 1729 1902 splene)
1784 1849 1855 1888 43.

1087 1903 1300 1961 (ventris)
1335 1910 1404 1949 76.

1052 1963 1342 2008 interaneaz
1376 1977 1432 2007 ex
1454 1963 1754 2020 respiratorio
1786 1963 1854 2005 in-

1080 2025 1375 2067 teraneorum
1409 2024 1471 2078 (c,
1501 2022 1775 2066 interiorum
1799 2023 1852 2077 p)

1081 2082 1288 2126 membro
1330 2086 1400 2125 39.
1470 2080 1647 2125 ventris
1685 2081 1731 2124 et
1762 2085 1855 2125 sto-

1081 2140 1236 2184 machi
1252 2155 1307 2185 ac
1331 2140 1565 2197 pulmonis
1583 2141 1631 2184 et
1647 2139 1855 2184 omnium

1081 2201 1429 2244 interaneorum
1501 2197 1854 2243 reumatismum

1081 2262 1138 2302 48
1180 2260 1254 2315 (cf.
1286 2259 1402 2303 Dies
1440 2258 1632 2303 Altrom.
1668 2257 1738 2302 Gz.
1773 2261 1848 2302 24.

1051 2376 1489 2433 intercapedinata
1538 2377 1657 2432 (opp.
1714 2375 1854 2433 iugis)

1081 2435 1310 2480 febricula
1341 2441 1411 2479 40.
1460 2436 1516 2489 cf.
1545 2434 1664 2479 Cael.

1050 2495 1214 2540 intibo
1247 2497 1330 2551 (516,
1361 2495 1524 2538 intubo
1549 2495 1602 2550 p)
1636 2498 1707 2537 22.

1052 2553 1195 2598 inula
1241 2555 1401 2611 (enula
1429 2554 1482 2609 p)
1527 2565 1754 2608 campana
1795 2556 1853 2594 44

1082 2613 1234 2670 (enule
1266 2627 1323 2670 p,
1371 2613 1493 2656 uelle
1540 2625 1563 2656 c
1611 2615 1652 2655 ct
1690 2612 1852 2654 iterum

1080 2672 1210 2715 inula
1234 2685 1285 2728 p,
1319 2672 1456 2716 enula
1487 2671 1569 2727 ips.
1604 2683 1718 2714 corr.
1746 2683 1798 2725 p,
1831 2674 1851 2711 i

1080 2731 1176 2774 ulle
1208 2732 1261 2786 c).

1050 2789 1328 2834 inviscaret
1347 2803 1450 2833 cum
1464 2787 1763 2832 inviscaverit
1781 2791 1800 2828 1
1809 2790 1849 2829 8.

1051 2847 1394 2893 involuntarie
1443 2847 1592 2902 (urina
1643 2845 1847 2899 exclusa)

1494 2920 1581 2962 16*
