<?xml version="1.0" encoding="UTF-8"?>
<!DOCTYPE html PUBLIC "-//W3C//DTD XHTML 1.0 Transitional//EN"
    "http://www.w3.org/TR/xhtml1/DTD/xhtml1-transitional.dtd">
<html xmlns="http://www.w3.org/1999/xhtml" xml:lang="en" lang="en">
 <head>
  <title>
</title>
<meta http-equiv="Content-Type" content="text/html;charset=utf-8" />
  <meta name='ocr-system' content='tesseract 3.04.00' />
  <meta name='ocr-capabilities' content='ocr_page ocr_carea ocr_par ocr_line ocrx_word'/>
</head>
<body>
  <div class='ocr_page' id='page_1' title='image "./demedicinaexgrae00cassuoft_0184.png"; bbox 0 0 2004 3186; ppageno 0'>
   <div class='ocr_carea' id='block_1_1' title="bbox 831 95 1231 148">
    <p class='ocr_par' dir='ltr' id='par_1_1' title="bbox 831 95 1231 148">
     <span class='ocr_line' id='line_1_1' title="bbox 831 95 1231 148; baseline 0 0"><span class='ocrx_word' id='word_1_1' title='bbox 831 95 1231 148; x_wconf 81' lang='lat'>-170-</span> 
     </span>
    </p>
   </div>
   <div class='ocr_carea' id='block_1_2' title="bbox 107 215 1873 1831">
    <p class='ocr_par' dir='ltr' id='par_1_2' title="bbox 178 215 1867 502">
     <span class='ocr_line' id='line_1_2' title="bbox 180 215 1866 283; baseline -0.002 -15"><span class='ocrx_word' id='word_1_2' title='bbox 180 219 381 281; x_wconf 84' lang='lat' dir='ltr'><strong>factam,</strong></span> <span class='ocrx_word' id='word_1_3' title='bbox 418 223 532 283; x_wconf 89' lang='lat' dir='ltr'><strong>post</strong></span> <span class='ocrx_word' id='word_1_4' title='bbox 570 232 725 267; x_wconf 91' lang='lat' dir='ltr'><strong>unum</strong></span> <span class='ocrx_word' id='word_1_5' title='bbox 763 215 840 265; x_wconf 82' lang='lat' dir='ltr'><strong>vel</strong></span> <span class='ocrx_word' id='word_1_6' title='bbox 878 215 1004 266; x_wconf 89' lang='lat' dir='ltr'><strong>duos</strong></span> <span class='ocrx_word' id='word_1_7' title='bbox 1043 216 1148 266; x_wconf 87' lang='lat' dir='ltr'><strong>dies</strong></span> <span class='ocrx_word' id='word_1_8' title='bbox 1187 218 1230 266; x_wconf 90' lang='lat' dir='ltr'><strong>si</strong></span> <span class='ocrx_word' id='word_1_9' title='bbox 1275 216 1402 266; x_wconf 85' lang='lat' dir='ltr'><strong>forte</strong></span> <span class='ocrx_word' id='word_1_10' title='bbox 1445 222 1614 266; x_wconf 87' lang='lat' dir='ltr'><strong>venter</strong></span> <span class='ocrx_word' id='word_1_11' title='bbox 1652 232 1679 267; x_wconf 92' lang='lat' dir='ltr'><strong>a</strong></span> <span class='ocrx_word' id='word_1_12' title='bbox 1717 216 1866 267; x_wconf 90' lang='lat' dir='ltr'><strong>solito</strong></span> 
     </span>
     <span class='ocr_line' id='line_1_3' title="bbox 180 289 1865 357; baseline 0 -16"><span class='ocrx_word' id='word_1_13' title='bbox 180 292 343 341; x_wconf 87' lang='lat' dir='ltr'><strong>officio</strong></span> <span class='ocrx_word' id='word_1_14' title='bbox 397 291 716 357; x_wconf 78' lang='lat' dir='ltr'><strong>abstinuerit,</strong></span> <span class='ocrx_word' id='word_1_15' title='bbox 779 290 988 355; x_wconf 81' lang='lat' dir='ltr'><strong>clystere</strong></span> <span class='ocrx_word' id='word_1_16' title='bbox 1043 289 1458 340; x_wconf 90' lang='lat' dir='ltr'><strong>subdeducendus</strong></span> <span class='ocrx_word' id='word_1_17' title='bbox 1519 291 1615 339; x_wconf 88' lang='lat' dir='ltr'><strong>erit</strong></span> <span class='ocrx_word' id='word_1_18' title='bbox 1669 305 1729 340; x_wconf 86' lang='lat' dir='ltr'><strong>ex</strong></span> <span class='ocrx_word' id='word_1_19' title='bbox 1782 290 1865 341; x_wconf 90' lang='lat' dir='ltr'><strong>de·</strong></span> 
     </span>
     <span class='ocr_line' id='line_1_4' title="bbox 180 362 1867 430; baseline -0.001 -15"><span class='ocrx_word' id='word_1_20' title='bbox 180 367 403 415; x_wconf 81' lang='lat' dir='ltr'><strong>coctione</strong></span> <span class='ocrx_word' id='word_1_21' title='bbox 451 363 800 430; x_wconf 89' lang='lat' dir='ltr'><strong>coloquintidis</strong></span> <span class='ocrx_word' id='word_1_22' title='bbox 847 370 897 413; x_wconf 90' lang='lat' dir='ltr'><strong>et</strong></span> <span class='ocrx_word' id='word_1_23' title='bbox 942 362 1083 413; x_wconf 89' lang='lat' dir='ltr'><strong>betae</strong></span> <span class='ocrx_word' id='word_1_24' title='bbox 1131 370 1182 414; x_wconf 88' lang='lat' dir='ltr'><strong>et</strong></span> <span class='ocrx_word' id='word_1_25' title='bbox 1220 362 1441 413; x_wconf 82' lang='lat' dir='ltr'><strong>cantabri</strong></span> <span class='ocrx_word' id='word_1_26' title='bbox 1481 378 1595 412; x_wconf 90' lang='lat' dir='ltr'><strong>cum</strong></span> <span class='ocrx_word' id='word_1_27' title='bbox 1634 363 1776 413; x_wconf 90' lang='lat' dir='ltr'><strong>melle</strong></span> <span class='ocrx_word' id='word_1_28' title='bbox 1816 370 1867 415; x_wconf 91' lang='lat' dir='ltr'><strong>et</strong></span> 
     </span>
     <span class='ocr_line' id='line_1_5' title="bbox 178 436 1865 502; baseline -0.001 -13"><span class='ocrx_word' id='word_1_29' title='bbox 178 439 287 489; x_wconf 93' lang='lat' dir='ltr'><strong>oleo</strong></span> <span class='ocrx_word' id='word_1_30' title='bbox 332 440 490 488; x_wconf 89' lang='lat' dir='ltr'><strong>veteri</strong></span> <span class='ocrx_word' id='word_1_31' title='bbox 535 444 586 487; x_wconf 89' lang='lat' dir='ltr'><strong>et</strong></span> <span class='ocrx_word' id='word_1_32' title='bbox 631 438 884 487; x_wconf 80' lang='lat' dir='ltr'><strong>afronitrO.</strong></span> <span class='ocrx_word' id='word_1_33' title='bbox 963 443 1111 488; x_wconf 86' lang='lat' dir='ltr'><strong>erunt</strong></span> <span class='ocrx_word' id='word_1_34' title='bbox 1162 444 1420 502; x_wconf 89' lang='lat' dir='ltr'><strong>praeterea</strong></span> <span class='ocrx_word' id='word_1_35' title='bbox 1473 436 1664 487; x_wconf 88' lang='lat' dir='ltr'><strong>duabus</strong></span> <span class='ocrx_word' id='word_1_36' title='bbox 1718 437 1865 488; x_wconf 89' lang='lat' dir='ltr'><strong>ebdo-</strong></span> 
     </span>
    </p>

    <p class='ocr_par' dir='ltr' id='par_1_3' title="bbox 134 509 1866 873">
     <span class='ocr_line' id='line_1_6' title="bbox 134 509 1866 578; baseline 0 -16"><span class='ocrx_word' id='word_1_37' title='bbox 134 522 155 554; x_wconf 87' lang='lat'>5</span> <span class='ocrx_word' id='word_1_38' title='bbox 179 513 334 562; x_wconf 91' lang='lat' dir='ltr'><strong>madis</strong></span> <span class='ocrx_word' id='word_1_39' title='bbox 373 514 425 561; x_wconf 91' lang='lat' dir='ltr'><strong>in</strong></span> <span class='ocrx_word' id='word_1_40' title='bbox 463 511 644 562; x_wconf 88' lang='lat' dir='ltr'><strong>lectulo</strong></span> <span class='ocrx_word' id='word_1_41' title='bbox 676 510 1008 578; x_wconf 87' lang='lat' dir='ltr'><strong>custodiendi,</strong></span> <span class='ocrx_word' id='word_1_42' title='bbox 1048 518 1098 561; x_wconf 89' lang='lat' dir='ltr'><strong>et</strong></span> <span class='ocrx_word' id='word_1_43' title='bbox 1133 518 1281 576; x_wconf 85' lang='lat' dir='ltr'><strong>caput</strong></span> <span class='ocrx_word' id='word_1_44' title='bbox 1319 509 1550 560; x_wconf 89' lang='lat' dir='ltr'><strong>embroce</strong></span> <span class='ocrx_word' id='word_1_45' title='bbox 1590 511 1866 562; x_wconf 90' lang='lat' dir='ltr'><strong>curandum</strong></span> 
     </span>
     <span class='ocr_line' id='line_1_7' title="bbox 179 583 1863 652; baseline -0.001 -16"><span class='ocrx_word' id='word_1_46' title='bbox 179 602 239 636; x_wconf 84' lang='lat' dir='ltr'><strong>ex</strong></span> <span class='ocrx_word' id='word_1_47' title='bbox 277 601 479 635; x_wconf 89' lang='lat' dir='ltr'><strong>rosaceo</strong></span> <span class='ocrx_word' id='word_1_48' title='bbox 520 591 569 635; x_wconf 92' lang='lat' dir='ltr'><strong>et</strong></span> <span class='ocrx_word' id='word_1_49' title='bbox 618 591 779 652; x_wconf 90' lang='lat' dir='ltr'><strong>aceto,</strong></span> <span class='ocrx_word' id='word_1_50' title='bbox 826 583 958 649; x_wconf 88' lang='lat' dir='ltr'><strong>quod</strong></span> <span class='ocrx_word' id='word_1_51' title='bbox 1004 584 1310 650; x_wconf 86' lang='lat' dir='ltr'><strong>oxyrodinon</strong></span> <span class='ocrx_word' id='word_1_52' title='bbox 1357 591 1554 652; x_wconf 82' lang='lat' dir='ltr'><strong>vocant,</strong></span> <span class='ocrx_word' id='word_1_53' title='bbox 1602 584 1863 649; x_wconf 86' lang='lat' dir='ltr'><strong>aliquando</strong></span> 
     </span>
     <span class='ocr_line' id='line_1_8' title="bbox 178 657 1864 726; baseline -0.001 -16"><span class='ocrx_word' id='word_1_54' title='bbox 178 667 227 710; x_wconf 89' lang='lat' dir='ltr'><strong>et</strong></span> <span class='ocrx_word' id='word_1_55' title='bbox 273 666 496 710; x_wconf 87' lang='lat' dir='ltr'><strong>castoreo</strong></span> <span class='ocrx_word' id='word_1_56' title='bbox 543 658 781 726; x_wconf 83' lang='lat' dir='ltr'><strong>admixto,</strong></span> <span class='ocrx_word' id='word_1_57' title='bbox 834 660 1045 708; x_wconf 84' lang='lat' dir='ltr'><strong>maxime</strong></span> <span class='ocrx_word' id='word_1_58' title='bbox 1092 660 1134 708; x_wconf 91' lang='lat' dir='ltr'><strong>si</strong></span> <span class='ocrx_word' id='word_1_59' title='bbox 1187 658 1314 708; x_wconf 92' lang='lat' dir='ltr'><strong>forte</strong></span> <span class='ocrx_word' id='word_1_60' title='bbox 1369 657 1530 708; x_wconf 90' lang='lat' dir='ltr'><strong>hieme</strong></span> <span class='ocrx_word' id='word_1_61' title='bbox 1586 660 1864 724; x_wconf 86' lang='lat' dir='ltr'><strong>contigerit.</strong></span> 
     </span>
     <span class='ocr_line' id='line_1_9' title="bbox 178 731 1866 799; baseline -0.001 -16"><span class='ocrx_word' id='word_1_62' title='bbox 178 733 264 783; x_wconf 92' lang='lat' dir='ltr'><strong>sed</strong></span> <span class='ocrx_word' id='word_1_63' title='bbox 311 738 508 799; x_wconf 86' lang='lat' dir='ltr'><strong>oportet</strong></span> <span class='ocrx_word' id='word_1_64' title='bbox 553 739 665 782; x_wconf 89' lang='lat' dir='ltr'><strong>ante</strong></span> <span class='ocrx_word' id='word_1_65' title='bbox 713 738 861 798; x_wconf 87' lang='lat' dir='ltr'><strong>caput</strong></span> <span class='ocrx_word' id='word_1_66' title='bbox 905 733 1128 798; x_wconf 87' lang='lat' dir='ltr'><strong>pressius</strong></span> <span class='ocrx_word' id='word_1_67' title='bbox 1175 731 1445 782; x_wconf 88' lang='lat' dir='ltr'><strong>detondere</strong></span> <span class='ocrx_word' id='word_1_68' title='bbox 1495 739 1546 781; x_wconf 87' lang='lat' dir='ltr'><strong>et</strong></span> <span class='ocrx_word' id='word_1_69' title='bbox 1585 734 1656 782; x_wconf 91' lang='lat' dir='ltr'><strong>sic</strong></span> <span class='ocrx_word' id='word_1_70' title='bbox 1695 747 1866 783; x_wconf 83' lang='lat' dir='ltr'><strong>curam</strong></span> 
     </span>
     <span class='ocr_line' id='line_1_10' title="bbox 176 805 1865 873; baseline -0.001 -16"><span class='ocrx_word' id='word_1_71' title='bbox 176 809 273 873; x_wconf 91' lang='lat' dir='ltr'><strong>ipsi</strong></span> <span class='ocrx_word' id='word_1_72' title='bbox 326 808 474 872; x_wconf 84' lang='lat' dir='ltr'><strong>capiti</strong></span> <span class='ocrx_word' id='word_1_73' title='bbox 526 805 773 856; x_wconf 90' lang='lat' dir='ltr'><strong>adhibere.</strong></span> <span class='ocrx_word' id='word_1_74' title='bbox 850 812 901 855; x_wconf 88' lang='lat' dir='ltr'><strong>et</strong></span> <span class='ocrx_word' id='word_1_75' title='bbox 951 811 1212 871; x_wconf 87' lang='lat' dir='ltr'><strong>postquam</strong></span> <span class='ocrx_word' id='word_1_76' title='bbox 1267 805 1654 872; x_wconf 80' lang='lat' dir='ltr'><strong>embrocaveriS,</strong></span> <span class='ocrx_word' id='word_1_77' title='bbox 1716 812 1865 871; x_wconf 90' lang='lat' dir='ltr'><strong>caput</strong></span> 
     </span>
    </p>

    <p class='ocr_par' dir='ltr' id='par_1_4' title="bbox 111 879 1873 1226">
     <span class='ocr_line' id='line_1_11' title="bbox 111 879 1865 947; baseline -0.001 -17"><span class='ocrx_word' id='word_1_78' title='bbox 111 892 153 924; x_wconf 87' lang='lat'><strong>10</strong></span> <span class='ocrx_word' id='word_1_79' title='bbox 174 881 304 947; x_wconf 90' lang='lat' dir='ltr'><strong>pileo</strong></span> <span class='ocrx_word' id='word_1_80' title='bbox 351 882 559 946; x_wconf 82' lang='lat' dir='ltr'><strong>operies,</strong></span> <span class='ocrx_word' id='word_1_81' title='bbox 627 886 741 945; x_wconf 92' lang='lat' dir='ltr'><strong>post</strong></span> <span class='ocrx_word' id='word_1_82' title='bbox 785 879 908 929; x_wconf 90' lang='lat' dir='ltr'><strong>haec</strong></span> <span class='ocrx_word' id='word_1_83' title='bbox 956 881 1264 930; x_wconf 86' lang='lat' dir='ltr'><strong>summitates</strong></span> <span class='ocrx_word' id='word_1_84' title='bbox 1309 894 1546 928; x_wconf 90' lang='lat' dir='ltr'><strong>manuum</strong></span> <span class='ocrx_word' id='word_1_85' title='bbox 1586 885 1635 929; x_wconf 89' lang='lat' dir='ltr'><strong>et</strong></span> <span class='ocrx_word' id='word_1_86' title='bbox 1681 879 1865 945; x_wconf 89' lang='lat' dir='ltr'><strong>pedum</strong></span> 
     </span>
     <span class='ocr_line' id='line_1_12' title="bbox 177 952 1864 1019; baseline -0.001 -15"><span class='ocrx_word' id='word_1_87' title='bbox 177 955 284 1004; x_wconf 90' lang='lat' dir='ltr'><strong>oleo</strong></span> <span class='ocrx_word' id='word_1_88' title='bbox 323 956 480 1003; x_wconf 88' lang='lat' dir='ltr'><strong>veteri</strong></span> <span class='ocrx_word' id='word_1_89' title='bbox 519 960 603 1003; x_wconf 85' lang='lat' dir='ltr'><strong>aut</strong></span> <span class='ocrx_word' id='word_1_90' title='bbox 648 955 867 1019; x_wconf 91' lang='lat' dir='ltr'><strong>sicyonio</strong></span> <span class='ocrx_word' id='word_1_91' title='bbox 914 968 1200 1019; x_wconf 87' lang='lat' dir='ltr'><strong>perungues</strong></span> <span class='ocrx_word' id='word_1_92' title='bbox 1245 959 1295 1003; x_wconf 90' lang='lat' dir='ltr'><strong>et</strong></span> <span class='ocrx_word' id='word_1_93' title='bbox 1342 954 1645 1003; x_wconf 89' lang='lat' dir='ltr'><strong>tenuissimis</strong></span> <span class='ocrx_word' id='word_1_94' title='bbox 1693 968 1749 1003; x_wconf 91' lang='lat' dir='ltr'><strong>ac</strong></span> <span class='ocrx_word' id='word_1_95' title='bbox 1797 952 1864 1003; x_wconf 89' lang='lat' dir='ltr'><strong>le-</strong></span> 
     </span>
     <span class='ocr_line' id='line_1_13' title="bbox 174 1026 1863 1092; baseline -0.001 -16"><span class='ocrx_word' id='word_1_96' title='bbox 174 1027 394 1078; x_wconf 87' lang='lat' dir='ltr'><strong>vioribus</strong></span> <span class='ocrx_word' id='word_1_97' title='bbox 434 1028 649 1077; x_wconf 88' lang='lat' dir='ltr'><strong>fasciolis</strong></span> <span class='ocrx_word' id='word_1_98' title='bbox 687 1026 875 1092; x_wconf 81' lang='lat' dir='ltr'><strong>ligabis,</strong></span> <span class='ocrx_word' id='word_1_99' title='bbox 939 1029 1084 1077; x_wconf 89' lang='lat' dir='ltr'><strong>etiam</strong></span> <span class='ocrx_word' id='word_1_100' title='bbox 1125 1033 1174 1076; x_wconf 90' lang='lat' dir='ltr'><strong>et</strong></span> <span class='ocrx_word' id='word_1_101' title='bbox 1209 1028 1421 1076; x_wconf 89' lang='lat' dir='ltr'><strong>castorei</strong></span> <span class='ocrx_word' id='word_1_102' title='bbox 1458 1026 1495 1084; x_wconf 68' lang='lat'><em>3</em></span> <span class='ocrx_word' id='word_1_103' title='bbox 1533 1026 1554 1075; x_wconf 95' lang='grc' dir='ltr'><strong>Ι</strong></span> <span class='ocrx_word' id='word_1_104' title='bbox 1592 1028 1772 1077; x_wconf 91' lang='lat' dir='ltr'><strong>ieiunis</strong></span> <span class='ocrx_word' id='word_1_105' title='bbox 1811 1028 1863 1076; x_wconf 91' lang='lat' dir='ltr'><strong>in</strong></span> 
     </span>
     <span class='ocr_line' id='line_1_14' title="bbox 174 1099 1873 1168; baseline -0.001 -17"><span class='ocrx_word' id='word_1_106' title='bbox 174 1103 373 1167; x_wconf 87' lang='lat' dir='ltr'><strong>potione</strong></span> <span class='ocrx_word' id='word_1_107' title='bbox 422 1116 576 1166; x_wconf 88' lang='lat' dir='ltr'><strong>aquae</strong></span> <span class='ocrx_word' id='word_1_108' title='bbox 624 1101 810 1151; x_wconf 85' lang='lat' dir='ltr'><strong>mulsae</strong></span> <span class='ocrx_word' id='word_1_109' title='bbox 859 1100 1018 1168; x_wconf 84' lang='lat' dir='ltr'><strong>dabis,</strong></span> <span class='ocrx_word' id='word_1_110' title='bbox 1066 1100 1384 1166; x_wconf 86' lang='lat' dir='ltr'><strong>singulariter</strong></span> <span class='ocrx_word' id='word_1_111' title='bbox 1423 1106 1507 1150; x_wconf 89' lang='lat' dir='ltr'><strong>aut</strong></span> <span class='ocrx_word' id='word_1_112' title='bbox 1554 1099 1683 1150; x_wconf 86' lang='lat' dir='ltr'><strong>foliis</strong></span> <span class='ocrx_word' id='word_1_113' title='bbox 1722 1106 1873 1151; x_wconf 84' lang='lat' dir='ltr'><strong>rutae</strong></span> 
     </span>
     <span class='ocr_line' id='line_1_15' title="bbox 175 1174 727 1226; baseline 0 -2"><span class='ocrx_word' id='word_1_114' title='bbox 175 1176 401 1226; x_wconf 86' lang='lat' dir='ltr'><strong>hortinae</strong></span> <span class='ocrx_word' id='word_1_115' title='bbox 443 1174 727 1225; x_wconf 85' lang='lat' dir='ltr'><strong>admixtum.</strong></span> 
     </span>
    </p>

    <p class='ocr_par' dir='ltr' id='par_1_5' title="bbox 110 1247 1865 1608">
     <span class='ocr_line' id='line_1_16' title="bbox 110 1247 1863 1299; baseline 0 -1"><span class='ocrx_word' id='word_1_116' title='bbox 110 1259 152 1292; x_wconf 84' lang='lat'><strong>15</strong></span> <span class='ocrx_word' id='word_1_117' title='bbox 326 1251 368 1298; x_wconf 88' lang='lat' dir='ltr'><strong>si</strong></span> <span class='ocrx_word' id='word_1_118' title='bbox 419 1256 553 1298; x_wconf 70' lang='lat' dir='ltr'><strong>vero‘</strong></span> <span class='ocrx_word' id='word_1_119' title='bbox 576 1248 668 1299; x_wconf 91' lang='lat' dir='ltr'><strong>sub</strong></span> <span class='ocrx_word' id='word_1_120' title='bbox 709 1247 1061 1298; x_wconf 93' lang='lat' dir='ltr'><strong>melancholico</strong></span> <span class='ocrx_word' id='word_1_121' title='bbox 1108 1248 1317 1298; x_wconf 88' lang='lat' dir='ltr'><strong>humore</strong></span> <span class='ocrx_word' id='word_1_122' title='bbox 1358 1263 1472 1298; x_wconf 90' lang='lat' dir='ltr'><strong>cum</strong></span> <span class='ocrx_word' id='word_1_123' title='bbox 1519 1249 1863 1299; x_wconf 84' lang='lat' dir='ltr'><strong>insomnietate</strong></span> 
     </span>
     <span class='ocr_line' id='line_1_17' title="bbox 175 1321 1865 1389; baseline 0 -17"><span class='ocrx_word' id='word_1_124' title='bbox 175 1323 328 1373; x_wconf 89' lang='lat' dir='ltr'><strong>fuerit</strong></span> <span class='ocrx_word' id='word_1_125' title='bbox 358 1324 545 1389; x_wconf 82' lang='lat' dir='ltr'><strong>passio,</strong></span> <span class='ocrx_word' id='word_1_126' title='bbox 585 1322 822 1388; x_wconf 85' lang='lat' dir='ltr'><strong>epithymi</strong></span> <span class='ocrx_word' id='word_1_127' title='bbox 858 1322 1197 1372; x_wconf 84' lang='lat' dir='ltr'><strong>decoctionem</strong></span> <span class='ocrx_word' id='word_1_128' title='bbox 1237 1322 1429 1372; x_wconf 89' lang='lat' dir='ltr'><strong>diurnis</strong></span> <span class='ocrx_word' id='word_1_129' title='bbox 1469 1321 1644 1371; x_wconf 89' lang='lat' dir='ltr'><strong>diebus</strong></span> <span class='ocrx_word' id='word_1_130' title='bbox 1683 1323 1865 1372; x_wconf 89' lang='lat' dir='ltr'><strong>ieiunis</strong></span> 
     </span>
     <span class='ocr_line' id='line_1_18' title="bbox 174 1395 1863 1461; baseline -0.001 -15"><span class='ocrx_word' id='word_1_131' title='bbox 174 1396 313 1446; x_wconf 90' lang='lat' dir='ltr'><strong>dabis</strong></span> <span class='ocrx_word' id='word_1_132' title='bbox 346 1403 430 1446; x_wconf 87' lang='lat' dir='ltr'><strong>aut</strong></span> <span class='ocrx_word' id='word_1_133' title='bbox 460 1395 538 1445; x_wconf 91' lang='lat' dir='ltr'><strong>die</strong></span> <span class='ocrx_word' id='word_1_134' title='bbox 571 1398 702 1446; x_wconf 88' lang='lat' dir='ltr'><strong>inter</strong></span> <span class='ocrx_word' id='word_1_135' title='bbox 735 1396 880 1445; x_wconf 91' lang='lat' dir='ltr'><strong>diem.</strong></span> <span class='ocrx_word' id='word_1_136' title='bbox 940 1402 1053 1461; x_wconf 91' lang='lat' dir='ltr'><strong>post</strong></span> <span class='ocrx_word' id='word_1_137' title='bbox 1084 1395 1205 1445; x_wconf 89' lang='lat' dir='ltr'><strong>haec</strong></span> <span class='ocrx_word' id='word_1_138' title='bbox 1238 1397 1577 1461; x_wconf 87' lang='lat' dir='ltr'><strong>vespertinum</strong></span> <span class='ocrx_word' id='word_1_139' title='bbox 1615 1395 1863 1446; x_wconf 90' lang='lat' dir='ltr'><strong>lavacrum</strong></span> 
     </span>
     <span class='ocr_line' id='line_1_19' title="bbox 175 1469 1863 1520; baseline -0.001 -1"><span class='ocrx_word' id='word_1_140' title='bbox 175 1469 443 1520; x_wconf 80' lang='lat' dir='ltr'><strong>adhibebis,</strong></span> <span class='ocrx_word' id='word_1_141' title='bbox 512 1471 590 1519; x_wconf 91' lang='lat' dir='ltr'><strong>sin</strong></span> <span class='ocrx_word' id='word_1_142' title='bbox 637 1485 752 1519; x_wconf 90' lang='lat' dir='ltr'><strong>vero</strong></span> <span class='ocrx_word' id='word_1_143' title='bbox 801 1469 893 1520; x_wconf 92' lang='lat' dir='ltr'><strong>sub</strong></span> <span class='ocrx_word' id='word_1_144' title='bbox 942 1484 1107 1519; x_wconf 89' lang='lat' dir='ltr'><strong>crasso</strong></span> <span class='ocrx_word' id='word_1_145' title='bbox 1154 1469 1231 1519; x_wconf 87' lang='lat' dir='ltr'><strong>vel</strong></span> <span class='ocrx_word' id='word_1_146' title='bbox 1284 1471 1601 1519; x_wconf 88' lang='lat' dir='ltr'><strong>tenacissimo</strong></span> <span class='ocrx_word' id='word_1_147' title='bbox 1655 1469 1863 1519; x_wconf 89' lang='lat' dir='ltr'><strong>humore</strong></span> 
     </span>
     <span class='ocr_line' id='line_1_20' title="bbox 175 1542 1861 1629; baseline 0 -37"><span class='ocrx_word' id='word_1_148' title='bbox 175 1545 325 1593; x_wconf 88' lang='lat' dir='ltr'><strong>fuerit</strong></span> <span class='ocrx_word' id='word_1_149' title='bbox 363 1545 549 1609; x_wconf 85' lang='lat' dir='ltr'><strong>passio,</strong></span> <span class='ocrx_word' id='word_1_150' title='bbox 589 1543 782 1629; x_wconf 81' lang='lat' dir='ltr'><strong>oxymel</strong></span> <span class='ocrx_word' id='word_1_151' title='bbox 820 1545 1000 1593; x_wconf 91' lang='lat' dir='ltr'><strong>ieiunis</strong></span> <span class='ocrx_word' id='word_1_152' title='bbox 1040 1542 1178 1592; x_wconf 91' lang='lat' dir='ltr'><strong>dabis</strong></span> <span class='ocrx_word' id='word_1_153' title='bbox 1210 1558 1270 1593; x_wconf 85' lang='lat' dir='ltr'><strong>ex</strong></span> <span class='ocrx_word' id='word_1_154' title='bbox 1302 1558 1453 1608; x_wconf 90' lang='lat' dir='ltr'><strong>ysopo</strong></span> <span class='ocrx_word' id='word_1_155' title='bbox 1486 1549 1537 1592; x_wconf 91' lang='lat' dir='ltr'><strong>et</strong></span> <span class='ocrx_word' id='word_1_156' title='bbox 1573 1542 1861 1608; x_wconf 91' lang='lat' dir='ltr'><strong>peucedano</strong></span> 
     </span>
    </p>

    <p class='ocr_par' dir='ltr' id='par_1_6' title="bbox 107 1617 1865 1831">
     <span class='ocr_line' id='line_1_21' title="bbox 107 1617 1863 1682; baseline -0.001 -15"><span class='ocrx_word' id='word_1_157' title='bbox 107 1628 151 1659; x_wconf 80' lang='lat'><strong>20</strong></span> <span class='ocrx_word' id='word_1_158' title='bbox 175 1624 224 1667; x_wconf 89' lang='lat' dir='ltr'><strong>et</strong></span> <span class='ocrx_word' id='word_1_159' title='bbox 261 1617 427 1682; x_wconf 93' lang='lat' dir='ltr'><strong>puleio</strong></span> <span class='ocrx_word' id='word_1_160' title='bbox 459 1623 509 1666; x_wconf 91' lang='lat' dir='ltr'><strong>et</strong></span> <span class='ocrx_word' id='word_1_161' title='bbox 541 1618 743 1681; x_wconf 85' lang='lat' dir='ltr'><strong>origano</strong></span> <span class='ocrx_word' id='word_1_162' title='bbox 776 1617 1072 1666; x_wconf 81' lang='lat' dir='ltr'><strong>confectum.</strong></span> <span class='ocrx_word' id='word_1_163' title='bbox 1138 1632 1229 1666; x_wconf 90' lang='lat' dir='ltr'><strong>nec</strong></span> <span class='ocrx_word' id='word_1_164' title='bbox 1270 1632 1370 1666; x_wconf 90' lang='lat' dir='ltr'><strong>non</strong></span> <span class='ocrx_word' id='word_1_165' title='bbox 1410 1618 1558 1666; x_wconf 89' lang='lat' dir='ltr'><strong>etiam</strong></span> <span class='ocrx_word' id='word_1_166' title='bbox 1597 1623 1648 1666; x_wconf 88' lang='lat' dir='ltr'><strong>et</strong></span> <span class='ocrx_word' id='word_1_167' title='bbox 1686 1632 1863 1666; x_wconf 89' lang='lat' dir='ltr'><strong>cucur-</strong></span> 
     </span>
     <span class='ocr_line' id='line_1_22' title="bbox 174 1687 1865 1756; baseline -0.001 -16"><span class='ocrx_word' id='word_1_168' title='bbox 174 1690 300 1740; x_wconf 91' lang='lat' dir='ltr'><strong>bitas</strong></span> <span class='ocrx_word' id='word_1_169' title='bbox 356 1692 493 1740; x_wconf 83' lang='lat' dir='ltr'><strong>cusas</strong></span> <span class='ocrx_word' id='word_1_170' title='bbox 547 1690 598 1739; x_wconf 89' lang='lat' dir='ltr'><strong>id</strong></span> <span class='ocrx_word' id='word_1_171' title='bbox 653 1697 728 1741; x_wconf 88' lang='lat' dir='ltr'><strong>est</strong></span> <span class='ocrx_word' id='word_1_172' title='bbox 782 1687 949 1756; x_wconf 84' lang='lat' dir='ltr'><strong>&lt;levi&gt;</strong></span> <span class='ocrx_word' id='word_1_173' title='bbox 1006 1705 1119 1739; x_wconf 91' lang='lat' dir='ltr'><strong>cum</strong></span> <span class='ocrx_word' id='word_1_174' title='bbox 1180 1692 1487 1756; x_wconf 90' lang='lat' dir='ltr'><strong>appositione</strong></span> <span class='ocrx_word' id='word_1_175' title='bbox 1543 1689 1759 1740; x_wconf 89' lang='lat' dir='ltr'><strong>deduces</strong></span> <span class='ocrx_word' id='word_1_176' title='bbox 1812 1692 1865 1739; x_wconf 93' lang='lat' dir='ltr'><strong>in</strong></span> 
     </span>
     <span class='ocr_line' id='line_1_23' title="bbox 174 1753 1865 1831; baseline 0 -17"><span class='ocrx_word' id='word_1_177' title='bbox 174 1766 347 1830; x_wconf 88' lang='lat' dir='ltr'><strong>primis</strong></span> <span class='ocrx_word' id='word_1_178' title='bbox 379 1753 605 1831; x_wconf 85' lang='lat' dir='ltr'><strong>spondyli</strong></span> <span class='ocrx_word' id='word_1_179' title='bbox 642 1764 751 1814; x_wconf 92' lang='lat' dir='ltr'><strong>loco</strong></span> <span class='ocrx_word' id='word_1_180' title='bbox 785 1770 835 1814; x_wconf 89' lang='lat' dir='ltr'><strong>et</strong></span> <span class='ocrx_word' id='word_1_181' title='bbox 867 1765 1036 1829; x_wconf 90' lang='lat' dir='ltr'><strong>spinae</strong></span> <span class='ocrx_word' id='word_1_182' title='bbox 1079 1770 1128 1814; x_wconf 89' lang='lat' dir='ltr'><strong>et</strong></span> <span class='ocrx_word' id='word_1_183' title='bbox 1165 1763 1369 1831; x_wconf 80' lang='lat' dir='ltr'><strong>lumbiS,</strong></span> <span class='ocrx_word' id='word_1_184' title='bbox 1410 1765 1675 1814; x_wconf 88' lang='lat' dir='ltr'><strong>novissimo</strong></span> <span class='ocrx_word' id='word_1_185' title='bbox 1716 1765 1865 1814; x_wconf 89' lang='lat' dir='ltr'><strong>etiam</strong></span> 
     </span>
    </p>
   </div>
   <div class='ocr_carea' id='block_1_3' title="bbox 173 1905 1863 2022">
    <p class='ocr_par' dir='ltr' id='par_1_7' title="bbox 173 1905 1863 2022">
     <span class='ocr_line' id='line_1_24' title="bbox 293 1905 1858 1962; baseline 0.001 -13"><span class='ocrx_word' id='word_1_186' title='bbox 293 1911 316 1949; x_wconf 89' lang='lat'><strong>1</strong></span> <span class='ocrx_word' id='word_1_187' title='bbox 350 1906 385 1950; x_wconf 94' lang='grc' dir='ltr'><strong>Ι.</strong></span> <span class='ocrx_word' id='word_1_188' title='bbox 416 1906 493 1950; x_wconf 86' lang='lat' dir='ltr'><strong>vel</strong></span> <span class='ocrx_word' id='word_1_189' title='bbox 525 1906 596 1952; x_wconf 87' lang='lat'>.11.</span> <span class='ocrx_word' id='word_1_190' title='bbox 620 1919 671 1962; x_wconf 94' lang='grc' dir='ltr'><strong>Ρ.</strong></span> <span class='ocrx_word' id='word_1_191' title='bbox 794 1920 823 1950; x_wconf 80' lang='lat' dir='ltr'><strong>a.</strong></span> <span class='ocrx_word' id='word_1_192' title='bbox 854 1905 993 1951; x_wconf 86' lang='lat' dir='ltr'><strong>solito</strong></span> <span class='ocrx_word' id='word_1_193' title='bbox 1027 1905 1181 1951; x_wconf 84' lang='lat' dir='ltr'><strong>officio</strong></span> <span class='ocrx_word' id='word_1_194' title='bbox 1205 1919 1263 1962; x_wconf 93' lang='grc' dir='ltr'><strong>Ρ.</strong></span> <span class='ocrx_word' id='word_1_195' title='bbox 1298 1905 1454 1950; x_wconf 69' lang='lat' dir='ltr'><strong>solutu</strong></span> <span class='ocrx_word' id='word_1_196' title='bbox 1486 1905 1643 1950; x_wconf 86' lang='lat' dir='ltr'><strong>officiu</strong></span> <span class='ocrx_word' id='word_1_197' title='bbox 1674 1919 1710 1951; x_wconf 88' lang='lat' dir='ltr'><strong>c.</strong></span> <span class='ocrx_word' id='word_1_198' title='bbox 1832 1910 1858 1950; x_wconf 98' lang='grc'><strong>2</strong></span> 
     </span>
     <span class='ocr_line' id='line_1_25' title="bbox 173 1964 1863 2022; baseline 0.001 -14"><span class='ocrx_word' id='word_1_199' title='bbox 173 1964 349 2009; x_wconf 87' lang='lat' dir='ltr'><strong>clisteri</strong></span> <span class='ocrx_word' id='word_1_200' title='bbox 379 1978 414 2010; x_wconf 83' lang='lat' dir='ltr'><strong>c.</strong></span> <span class='ocrx_word' id='word_1_201' title='bbox 568 1970 595 2009; x_wconf 89' lang='lat'><strong>3</strong></span> <span class='ocrx_word' id='word_1_202' title='bbox 628 1965 948 2021; x_wconf 83' lang='lat' dir='ltr'><strong>coloquintide</strong></span> <span class='ocrx_word' id='word_1_203' title='bbox 987 1979 1054 2022; x_wconf 76' lang='lat' dir='ltr'><strong>cp.</strong></span> <span class='ocrx_word' id='word_1_204' title='bbox 1213 1970 1242 2009; x_wconf 86' lang='lat'>4</span> <span class='ocrx_word' id='word_1_205' title='bbox 1275 1964 1369 2009; x_wconf 91' lang='lat' dir='ltr'><strong>olei</strong></span> <span class='ocrx_word' id='word_1_206' title='bbox 1398 1964 1570 2010; x_wconf 83' lang='lat' dir='ltr'><strong>veteris</strong></span> <span class='ocrx_word' id='word_1_207' title='bbox 1593 1978 1652 2021; x_wconf 90' lang='grc' dir='ltr'><strong>Ρ,</strong></span> <span class='ocrx_word' id='word_1_208' title='bbox 1694 1964 1793 2008; x_wconf 89' lang='lat' dir='ltr'><strong>—ri</strong></span> <span class='ocrx_word' id='word_1_209' title='bbox 1823 1978 1863 2010; x_wconf 88' lang='lat' dir='ltr'><strong>c.</strong></span> 
     </span>
    </p>
   </div>
   <div class='ocr_carea' id='block_1_4' title="bbox 114 2024 1862 2861">
    <p class='ocr_par' dir='ltr' id='par_1_8' title="bbox 172 2024 1862 2272">
     <span class='ocr_line' id='line_1_26' title="bbox 173 2024 1861 2096; baseline 0.001 -15"><span class='ocrx_word' id='word_1_210' title='bbox 173 2038 222 2081; x_wconf 89' lang='lat' dir='ltr'><strong>et</strong></span> <span class='ocrx_word' id='word_1_211' title='bbox 251 2037 493 2082; x_wconf 84' lang='lat' dir='ltr'><strong>affronitro</strong></span> <span class='ocrx_word' id='word_1_212' title='bbox 517 2040 653 2083; x_wconf 87' lang='lat' dir='ltr'><strong>erunt</strong></span> <span class='ocrx_word' id='word_1_213' title='bbox 680 2024 850 2083; x_wconf 64' lang='lat' dir='ltr'><strong>:fitoica</strong></span> <span class='ocrx_word' id='word_1_214' title='bbox 880 2039 925 2084; x_wconf 88' lang='lat' dir='ltr'><strong>d.</strong></span> <span class='ocrx_word' id='word_1_215' title='bbox 957 2052 996 2084; x_wconf 89' lang='lat' dir='ltr'><strong>e.</strong></span> <span class='ocrx_word' id='word_1_216' title='bbox 1022 2052 1082 2094; x_wconf 84' lang='grc' dir='ltr'><strong>Ρ,</strong></span> <span class='ocrx_word' id='word_1_217' title='bbox 1115 2040 1162 2082; x_wconf 89' lang='lat' dir='ltr'><strong>et</strong></span> <span class='ocrx_word' id='word_1_218' title='bbox 1185 2037 1299 2083; x_wconf 82' lang='lat' dir='ltr'><strong>affef</strong></span> <span class='ocrx_word' id='word_1_219' title='bbox 1330 2040 1491 2096; x_wconf 65' lang='lat' dir='ltr'><strong>pterea.</strong></span> <span class='ocrx_word' id='word_1_220' title='bbox 1522 2038 1565 2082; x_wconf 91' lang='lat' dir='ltr'><strong>d.</strong></span> <span class='ocrx_word' id='word_1_221' title='bbox 1599 2053 1637 2083; x_wconf 85' lang='lat' dir='ltr'><strong>e.</strong></span> <span class='ocrx_word' id='word_1_222' title='bbox 1675 2052 1712 2084; x_wconf 85' lang='lat' dir='ltr'><strong>c.</strong></span> <span class='ocrx_word' id='word_1_223' title='bbox 1835 2043 1861 2083; x_wconf 89' lang='lat'>5</span> 
     </span>
     <span class='ocr_line' id='line_1_27' title="bbox 172 2097 1862 2154; baseline 0.001 -14"><span class='ocrx_word' id='word_1_224' title='bbox 172 2097 386 2141; x_wconf 86' lang='lat' dir='ltr'><strong>embroce</strong></span> <span class='ocrx_word' id='word_1_225' title='bbox 410 2110 469 2153; x_wconf 81' lang='grc' dir='ltr'><strong>Ρ,</strong></span> <span class='ocrx_word' id='word_1_226' title='bbox 502 2097 703 2142; x_wconf 88' lang='lat' dir='ltr'><strong>embrice</strong></span> <span class='ocrx_word' id='word_1_227' title='bbox 736 2112 773 2142; x_wconf 82' lang='lat' dir='ltr'><strong>c.</strong></span> <span class='ocrx_word' id='word_1_228' title='bbox 917 2098 1079 2154; x_wconf 85' lang='lat' dir='ltr'><strong>(caput</strong></span> <span class='ocrx_word' id='word_1_229' title='bbox 1104 2131 1113 2141; x_wconf 87' lang='lat'><strong>.</strong></span> <span class='ocrx_word' id='word_1_230' title='bbox 1140 2133 1150 2142; x_wconf 91' lang='lat'><em>.</em></span> <span class='ocrx_word' id='word_1_231' title='bbox 1178 2100 1206 2151; x_wconf 94' lang='lat'><strong>.)</strong></span> <span class='ocrx_word' id='word_1_232' title='bbox 1239 2098 1432 2142; x_wconf 87' lang='lat' dir='ltr'><strong>curandi</strong></span> <span class='ocrx_word' id='word_1_233' title='bbox 1462 2111 1531 2154; x_wconf 79' lang='grc' dir='ltr'><strong>οΡ.</strong></span> <span class='ocrx_word' id='word_1_234' title='bbox 1682 2103 1707 2142; x_wconf 80' lang='lat'><em>7</em></span> <span class='ocrx_word' id='word_1_235' title='bbox 1738 2097 1862 2142; x_wconf 85' lang='lat' dir='ltr'><strong>forte</strong></span> 
     </span>
     <span class='ocr_line' id='line_1_28' title="bbox 172 2156 1862 2214; baseline 0.001 -14"><span class='ocrx_word' id='word_1_236' title='bbox 172 2169 255 2200; x_wconf 85' lang='lat' dir='ltr'><strong>om.</strong></span> <span class='ocrx_word' id='word_1_237' title='bbox 285 2169 331 2213; x_wconf 92' lang='grc' dir='ltr'><strong>Ρ.</strong></span> <span class='ocrx_word' id='word_1_238' title='bbox 453 2156 686 2214; x_wconf 87' lang='lat' dir='ltr'><strong>contingit</strong></span> <span class='ocrx_word' id='word_1_239' title='bbox 707 2170 775 2212; x_wconf 78' lang='lat' dir='ltr'><strong>ep.</strong></span> <span class='ocrx_word' id='word_1_240' title='bbox 916 2161 942 2199; x_wconf 89' lang='grc'>8</span> <span class='ocrx_word' id='word_1_241' title='bbox 970 2159 1030 2200; x_wconf 77' lang='lat' dir='ltr'><strong>afi</strong></span> <span class='ocrx_word' id='word_1_242' title='bbox 1055 2157 1199 2213; x_wconf 84' lang='lat' dir='ltr'><strong>(ante)</strong></span> <span class='ocrx_word' id='word_1_243' title='bbox 1226 2170 1270 2200; x_wconf 81' lang='lat' dir='ltr'><strong>e:</strong></span> <span class='ocrx_word' id='word_1_244' title='bbox 1303 2158 1387 2200; x_wconf 85' lang='lat' dir='ltr'><strong>aut</strong></span> <span class='ocrx_word' id='word_1_245' title='bbox 1410 2170 1462 2212; x_wconf 94' lang='grc' dir='ltr'><strong>Ρ.</strong></span> <span class='ocrx_word' id='word_1_246' title='bbox 1583 2157 1631 2200; x_wconf 86' lang='lat' dir='ltr'><strong>et</strong></span> <span class='ocrx_word' id='word_1_247' title='bbox 1661 2156 1862 2201; x_wconf 67' lang='lat' dir='ltr'><strong>siccut-a]-</strong></span> 
     </span>
     <span class='ocr_line' id='line_1_29' title="bbox 173 2214 1861 2272; baseline 0.001 -14"><span class='ocrx_word' id='word_1_248' title='bbox 173 2214 257 2272; x_wconf 76' lang='lat' dir='ltr'><strong>dii3</strong></span> <span class='ocrx_word' id='word_1_249' title='bbox 290 2218 382 2270; x_wconf 77' lang='lat' dir='ltr'><strong>qfio</strong></span> <span class='ocrx_word' id='word_1_250' title='bbox 415 2214 579 2271; x_wconf 73' lang='lat' dir='ltr'><strong>expica,</strong></span> <span class='ocrx_word' id='word_1_251' title='bbox 610 2215 832 2260; x_wconf 85' lang='lat' dir='ltr'><strong>adhibere</strong></span> <span class='ocrx_word' id='word_1_252' title='bbox 864 2228 901 2260; x_wconf 84' lang='lat' dir='ltr'><strong>c.</strong></span> <span class='ocrx_word' id='word_1_253' title='bbox 1022 2219 1048 2258; x_wconf 89' lang='lat'>9</span> <span class='ocrx_word' id='word_1_254' title='bbox 1080 2215 1372 2259; x_wconf 84' lang='lat' dir='ltr'><strong>embrocabis</strong></span> <span class='ocrx_word' id='word_1_255' title='bbox 1395 2228 1432 2260; x_wconf 84' lang='lat' dir='ltr'><strong>c.</strong></span> <span class='ocrx_word' id='word_1_256' title='bbox 1556 2219 1612 2258; x_wconf 90' lang='lat'><strong>10</strong></span> <span class='ocrx_word' id='word_1_257' title='bbox 1643 2214 1786 2271; x_wconf 89' lang='lat' dir='ltr'><strong>pilleo</strong></span> <span class='ocrx_word' id='word_1_258' title='bbox 1809 2229 1861 2272; x_wconf 86' lang='grc' dir='ltr'><strong>Ρ,</strong></span> 
     </span>
    </p>

    <p class='ocr_par' dir='ltr' id='par_1_9' title="bbox 114 2272 1862 2861">
     <span class='ocr_line' id='line_1_30' title="bbox 114 2272 1860 2331; baseline 0.001 -14"><span class='ocrx_word' id='word_1_259' title='bbox 114 2275 127 2285; x_wconf 87' lang='grc'><em>“</em></span> <span class='ocrx_word' id='word_1_260' title='bbox 171 2274 310 2329; x_wconf 84' lang='lat' dir='ltr'><strong>paleo</strong></span> <span class='ocrx_word' id='word_1_261' title='bbox 335 2287 371 2318; x_wconf 88' lang='lat' dir='ltr'><strong>c.</strong></span> <span class='ocrx_word' id='word_1_262' title='bbox 493 2274 644 2330; x_wconf 86' lang='lat' dir='ltr'><strong>operis</strong></span> <span class='ocrx_word' id='word_1_263' title='bbox 661 2288 727 2331; x_wconf 77' lang='lat' dir='ltr'><strong>cp.</strong></span> <span class='ocrx_word' id='word_1_264' title='bbox 847 2273 878 2319; x_wconf 92' lang='lat' dir='ltr'><strong>i.</strong></span> <span class='ocrx_word' id='word_1_265' title='bbox 903 2272 1125 2318; x_wconf 83' lang='lat' dir='ltr'><strong>articulos</strong></span> <span class='ocrx_word' id='word_1_266' title='bbox 1149 2274 1255 2318; x_wconf 80' lang='lat' dir='ltr'><strong>add.</strong></span> <span class='ocrx_word' id='word_1_267' title='bbox 1273 2287 1311 2330; x_wconf 95' lang='grc' dir='ltr'><strong>Ρ</strong></span> <span class='ocrx_word' id='word_1_268' title='bbox 1336 2274 1462 2330; x_wconf 80' lang='lat' dir='ltr'><strong>(post</strong></span> <span class='ocrx_word' id='word_1_269' title='bbox 1484 2273 1690 2330; x_wconf 85' lang='lat' dir='ltr'><strong>pedum).</strong></span> <span class='ocrx_word' id='word_1_270' title='bbox 1806 2278 1860 2318; x_wconf 84' lang='lat'><strong>12</strong></span> 
     </span>
     <span class='ocr_line' id='line_1_31' title="bbox 171 2330 1860 2390; baseline 0.001 -15"><span class='ocrx_word' id='word_1_271' title='bbox 171 2331 378 2376; x_wconf 82' lang='lat' dir='ltr'><strong>fasciolis</strong></span> <span class='ocrx_word' id='word_1_272' title='bbox 416 2330 589 2389; x_wconf 86' lang='lat' dir='ltr'><strong>ligabis</strong></span> <span class='ocrx_word' id='word_1_273' title='bbox 621 2347 679 2390; x_wconf 77' lang='lat' dir='ltr'><strong>p:</strong></span> <span class='ocrx_word' id='word_1_274' title='bbox 720 2332 939 2378; x_wconf 78' lang='lat' dir='ltr'><strong>fasciabis</strong></span> <span class='ocrx_word' id='word_1_275' title='bbox 979 2346 1015 2378; x_wconf 86' lang='lat' dir='ltr'><strong>c.</strong></span> <span class='ocrx_word' id='word_1_276' title='bbox 1226 2334 1368 2377; x_wconf 83' lang='lat' dir='ltr'><strong>etiam</strong></span> <span class='ocrx_word' id='word_1_277' title='bbox 1409 2334 1476 2377; x_wconf 84' lang='lat' dir='ltr'><strong>et:</strong></span> <span class='ocrx_word' id='word_1_278' title='bbox 1521 2332 1583 2376; x_wconf 89' lang='lat' dir='ltr'><strong>Et</strong></span> <span class='ocrx_word' id='word_1_279' title='bbox 1628 2332 1772 2377; x_wconf 83' lang='lat' dir='ltr'><strong>etiam</strong></span> <span class='ocrx_word' id='word_1_280' title='bbox 1807 2347 1860 2390; x_wconf 87' lang='grc' dir='ltr'><strong>Ρ,</strong></span> 
     </span>
     <span class='ocr_line' id='line_1_32' title="bbox 174 2390 1862 2449; baseline 0.002 -14"><span class='ocrx_word' id='word_1_281' title='bbox 174 2390 318 2435; x_wconf 84' lang='lat' dir='ltr'><strong>etiam</strong></span> <span class='ocrx_word' id='word_1_282' title='bbox 350 2404 385 2436; x_wconf 86' lang='lat' dir='ltr'><strong>c.</strong></span> <span class='ocrx_word' id='word_1_283' title='bbox 533 2396 586 2436; x_wconf 88' lang='grc'><strong>13</strong></span> <span class='ocrx_word' id='word_1_284' title='bbox 618 2393 720 2438; x_wconf 86' lang='lat' dir='ltr'><strong>rute</strong></span> <span class='ocrx_word' id='word_1_285' title='bbox 757 2392 905 2437; x_wconf 85' lang='lat' dir='ltr'><strong>ortine</strong></span> <span class='ocrx_word' id='word_1_286' title='bbox 937 2405 1004 2448; x_wconf 79' lang='grc' dir='ltr'><strong>οΡ.</strong></span> <span class='ocrx_word' id='word_1_287' title='bbox 1152 2395 1206 2435; x_wconf 88' lang='grc'><strong>16</strong></span> <span class='ocrx_word' id='word_1_288' title='bbox 1238 2390 1456 2448; x_wconf 87' lang='lat' dir='ltr'><strong>epithimi</strong></span> <span class='ocrx_word' id='word_1_289' title='bbox 1487 2391 1671 2448; x_wconf 86' lang='lat' dir='ltr'><strong>(epith&#39;1</strong></span> <span class='ocrx_word' id='word_1_290' title='bbox 1693 2392 1750 2449; x_wconf 93' lang='grc' dir='ltr'><strong>Ρ)</strong></span> <span class='ocrx_word' id='word_1_291' title='bbox 1784 2392 1862 2438; x_wconf 89' lang='lat' dir='ltr'><strong>de-</strong></span> 
     </span>
     <span class='ocr_line' id='line_1_33' title="bbox 173 2449 1862 2507; baseline 0 -13"><span class='ocrx_word' id='word_1_292' title='bbox 173 2449 385 2495; x_wconf 74' lang='lat' dir='ltr'><strong>coctione</strong></span> <span class='ocrx_word' id='word_1_293' title='bbox 416 2463 483 2507; x_wconf 75' lang='lat' dir='ltr'><strong>ep.</strong></span> <span class='ocrx_word' id='word_1_294' title='bbox 636 2451 812 2495; x_wconf 87' lang='lat' dir='ltr'><strong>diurnis</strong></span> <span class='ocrx_word' id='word_1_295' title='bbox 844 2465 886 2496; x_wconf 75' lang='lat' dir='ltr'><strong>cz</strong></span> <span class='ocrx_word' id='word_1_296' title='bbox 919 2449 1147 2495; x_wconf 82' lang='lat' dir='ltr'><strong>diuturnis</strong></span> <span class='ocrx_word' id='word_1_297' title='bbox 1170 2464 1220 2506; x_wconf 95' lang='grc' dir='ltr'><strong>Ρ.</strong></span> <span class='ocrx_word' id='word_1_298' title='bbox 1374 2456 1426 2495; x_wconf 82' lang='grc'><strong>17</strong></span> <span class='ocrx_word' id='word_1_299' title='bbox 1459 2450 1775 2507; x_wconf 86' lang='lat' dir='ltr'><strong>vespertinum</strong></span> <span class='ocrx_word' id='word_1_300' title='bbox 1800 2466 1862 2507; x_wconf 76' lang='grc' dir='ltr'><strong>Ρ;</strong></span> 
     </span>
     <span class='ocr_line' id='line_1_34' title="bbox 171 2507 1860 2567; baseline 0.002 -15"><span class='ocrx_word' id='word_1_301' title='bbox 171 2507 449 2554; x_wconf 86' lang='lat' dir='ltr'><strong>intestinum</strong></span> <span class='ocrx_word' id='word_1_302' title='bbox 481 2510 582 2566; x_wconf 84' lang='lat' dir='ltr'><strong>(om.</strong></span> <span class='ocrx_word' id='word_1_303' title='bbox 615 2510 725 2567; x_wconf 83' lang='lat' dir='ltr'><strong>lav.)</strong></span> <span class='ocrx_word' id='word_1_304' title='bbox 759 2524 794 2555; x_wconf 74' lang='lat' dir='ltr'><strong>c,</strong></span> <span class='ocrx_word' id='word_1_305' title='bbox 919 2515 974 2555; x_wconf 92' lang='grc'><strong>18</strong></span> <span class='ocrx_word' id='word_1_306' title='bbox 1006 2508 1276 2554; x_wconf 83' lang='lat' dir='ltr'><strong>tenuissimo</strong></span> <span class='ocrx_word' id='word_1_307' title='bbox 1309 2523 1344 2555; x_wconf 89' lang='lat' dir='ltr'><strong>c.</strong></span> <span class='ocrx_word' id='word_1_308' title='bbox 1469 2514 1522 2555; x_wconf 87' lang='grc'><strong>19</strong></span> <span class='ocrx_word' id='word_1_309' title='bbox 1564 2523 1620 2554; x_wconf 86' lang='lat' dir='ltr'><strong>ex</strong></span> <span class='ocrx_word' id='word_1_310' title='bbox 1649 2509 1783 2566; x_wconf 90' lang='lat' dir='ltr'><strong>isopo</strong></span> <span class='ocrx_word' id='word_1_311' title='bbox 1814 2524 1860 2555; x_wconf 81' lang='lat' dir='ltr'><strong>c:</strong></span> 
     </span>
     <span class='ocr_line' id='line_1_35' title="bbox 173 2568 1858 2626; baseline 0 -14"><span class='ocrx_word' id='word_1_312' title='bbox 173 2570 220 2612; x_wconf 84' lang='lat' dir='ltr'><strong>et</strong></span> <span class='ocrx_word' id='word_1_313' title='bbox 248 2581 392 2625; x_wconf 82' lang='lat' dir='ltr'><strong>ysopo</strong></span> <span class='ocrx_word' id='word_1_314' title='bbox 416 2582 467 2625; x_wconf 95' lang='grc' dir='ltr'><strong>Ρ.</strong></span> <span class='ocrx_word' id='word_1_315' title='bbox 610 2569 869 2626; x_wconf 82' lang='lat' dir='ltr'><strong>peucidano</strong></span> <span class='ocrx_word' id='word_1_316' title='bbox 902 2582 969 2625; x_wconf 79' lang='grc' dir='ltr'><strong>οΡ.</strong></span> <span class='ocrx_word' id='word_1_317' title='bbox 1114 2573 1170 2612; x_wconf 89' lang='grc'><strong>20</strong></span> <span class='ocrx_word' id='word_1_318' title='bbox 1202 2584 1246 2612; x_wconf 89' lang='lat' dir='ltr'><strong>n.</strong></span> <span class='ocrx_word' id='word_1_319' title='bbox 1278 2583 1323 2613; x_wconf 91' lang='lat' dir='ltr'><strong>n.</strong></span> <span class='ocrx_word' id='word_1_320' title='bbox 1356 2583 1395 2614; x_wconf 93' lang='lat' dir='ltr'><strong>e</strong></span> <span class='ocrx_word' id='word_1_321' title='bbox 1428 2570 1477 2613; x_wconf 89' lang='lat' dir='ltr'><strong>et</strong></span> <span class='ocrx_word' id='word_1_322' title='bbox 1507 2569 1796 2614; x_wconf 77' lang='lat' dir='ltr'><strong>cucurbitam</strong></span> <span class='ocrx_word' id='word_1_323' title='bbox 1827 2568 1858 2613; x_wconf 87' lang='lat' dir='ltr'><strong>i.</strong></span> 
     </span>
     <span class='ocr_line' id='line_1_36' title="bbox 173 2626 1861 2684; baseline 0.001 -14"><span class='ocrx_word' id='word_1_324' title='bbox 173 2626 300 2671; x_wconf 80' lang='lat' dir='ltr'><strong>cusas</strong></span> <span class='ocrx_word' id='word_1_325' title='bbox 338 2627 416 2682; x_wconf 83' lang='lat' dir='ltr'><strong>(cf.</strong></span> <span class='ocrx_word' id='word_1_326' title='bbox 452 2627 572 2672; x_wconf 80' lang='lat' dir='ltr'><strong>Cael.</strong></span> <span class='ocrx_word' id='word_1_327' title='bbox 611 2628 728 2673; x_wconf 80' lang='lat' dir='ltr'><strong>Aur.</strong></span> <span class='ocrx_word' id='word_1_328' title='bbox 773 2643 826 2684; x_wconf 92' lang='grc' dir='ltr'><strong>Ρ.</strong></span> <span class='ocrx_word' id='word_1_329' title='bbox 859 2631 963 2673; x_wconf 85' lang='grc'><strong>575.</strong></span> <span class='ocrx_word' id='word_1_330' title='bbox 995 2631 1105 2673; x_wconf 75' lang='lat'><em>297.</em></span> <span class='ocrx_word' id='word_1_331' title='bbox 1138 2630 1195 2672; x_wconf 86' lang='lat'><strong>31</strong></span> <span class='ocrx_word' id='word_1_332' title='bbox 1227 2632 1347 2684; x_wconf 77' lang='lat' dir='ltr'><strong>sq.)</strong></span> <span class='ocrx_word' id='word_1_333' title='bbox 1352 2631 1409 2672; x_wconf 78' lang='lat'><strong>01’1</strong></span> <span class='ocrx_word' id='word_1_334' title='bbox 1447 2627 1743 2684; x_wconf 83' lang='lat' dir='ltr'><strong>appositione</strong></span> <span class='ocrx_word' id='word_1_335' title='bbox 1783 2627 1861 2672; x_wconf 88' lang='lat' dir='ltr'><strong>de-</strong></span> 
     </span>
     <span class='ocr_line' id='line_1_37' title="bbox 173 2685 1859 2744; baseline 0.001 -15"><span class='ocrx_word' id='word_1_336' title='bbox 173 2685 302 2730; x_wconf 88' lang='lat' dir='ltr'><strong>ducis</strong></span> <span class='ocrx_word' id='word_1_337' title='bbox 349 2691 369 2730; x_wconf 83' lang='lat' dir='ltr'><strong>i</strong></span> <span class='ocrx_word' id='word_1_338' title='bbox 409 2685 552 2743; x_wconf 79' lang='lat' dir='ltr'><strong>p9mls</strong></span> <span class='ocrx_word' id='word_1_339' title='bbox 597 2701 640 2744; x_wconf 86' lang='lat' dir='ltr'><strong>c,</strong></span> <span class='ocrx_word' id='word_1_340' title='bbox 696 2703 740 2732; x_wconf 85' lang='lat' dir='ltr'><strong>n.</strong></span> <span class='ocrx_word' id='word_1_341' title='bbox 782 2702 827 2731; x_wconf 87' lang='lat' dir='ltr'><strong>n.</strong></span> <span class='ocrx_word' id='word_1_342' title='bbox 868 2701 906 2731; x_wconf 91' lang='lat' dir='ltr'><strong>e.</strong></span> <span class='ocrx_word' id='word_1_343' title='bbox 955 2687 1003 2732; x_wconf 86' lang='lat' dir='ltr'><strong>et</strong></span> <span class='ocrx_word' id='word_1_344' title='bbox 1048 2686 1177 2730; x_wconf 84' lang='lat' dir='ltr'><strong>cufas</strong></span> <span class='ocrx_word' id='word_1_345' title='bbox 1227 2687 1423 2743; x_wconf 81' lang='lat' dir='ltr'><strong>apponis</strong></span> <span class='ocrx_word' id='word_1_346' title='bbox 1468 2685 1650 2743; x_wconf 76' lang='lat' dir='ltr'><strong>iprimis</strong></span> <span class='ocrx_word' id='word_1_347' title='bbox 1690 2699 1728 2743; x_wconf 93' lang='grc' dir='ltr'><strong>Ρ</strong></span> <span class='ocrx_word' id='word_1_348' title='bbox 1781 2687 1859 2741; x_wconf 80' lang='lat' dir='ltr'><strong>(cf.</strong></span> 
     </span>
     <span class='ocr_line' id='line_1_38' title="bbox 173 2744 1859 2804; baseline 0.001 -16"><span class='ocrx_word' id='word_1_349' title='bbox 173 2757 208 2789; x_wconf 84' lang='lat' dir='ltr'><strong>c.</strong></span> <span class='ocrx_word' id='word_1_350' title='bbox 243 2747 336 2799; x_wconf 89' lang='lat'><em>77).</em></span> <span class='ocrx_word' id='word_1_351' title='bbox 488 2750 543 2789; x_wconf 85' lang='grc'><strong>22</strong></span> <span class='ocrx_word' id='word_1_352' title='bbox 578 2761 632 2804; x_wconf 88' lang='lat' dir='ltr'><strong>sp</strong></span> <span class='ocrx_word' id='word_1_353' title='bbox 635 2747 804 2792; x_wconf 85' lang='lat' dir='ltr'><strong>ondilis</strong></span> <span class='ocrx_word' id='word_1_354' title='bbox 835 2745 965 2791; x_wconf 90' lang='lat' dir='ltr'><strong>locus</strong></span> <span class='ocrx_word' id='word_1_355' title='bbox 998 2759 1043 2801; x_wconf 84' lang='lat' dir='ltr'><strong>c,</strong></span> <span class='ocrx_word' id='word_1_356' title='bbox 1077 2745 1414 2802; x_wconf 86' lang='lat' dir='ltr'><strong>spondiliorum</strong></span> <span class='ocrx_word' id='word_1_357' title='bbox 1444 2744 1558 2790; x_wconf 86' lang='lat' dir='ltr'><strong>locis</strong></span> <span class='ocrx_word' id='word_1_358' title='bbox 1582 2759 1634 2802; x_wconf 91' lang='grc' dir='ltr'><strong>Ρ.</strong></span> <span class='ocrx_word' id='word_1_359' title='bbox 1777 2759 1859 2790; x_wconf 90' lang='lat' dir='ltr'><strong>no·</strong></span> 
     </span>
     <span class='ocr_line' id='line_1_39' title="bbox 171 2802 594 2861; baseline 0.007 -15"><span class='ocrx_word' id='word_1_360' title='bbox 171 2802 359 2848; x_wconf 84' lang='lat' dir='ltr'><strong>vissimo</strong></span> <span class='ocrx_word' id='word_1_361' title='bbox 391 2805 492 2860; x_wconf 80' lang='lat' dir='ltr'><strong>(sic)</strong></span> <span class='ocrx_word' id='word_1_362' title='bbox 527 2819 594 2861; x_wconf 78' lang='grc' dir='ltr'><strong>σΡ.</strong></span> 
     </span>
    </p>
   </div>
  </div>
 </body>
</html>
