2004 3186
162 263 348 313 codicis
383 261 676 310 Parisiensis
707 260 786 309 lat.
822 257 987 325 6114,
1027 261 1191 324 ipsum
1223 259 1446 308 codicem
1478 260 1671 323 inspexi
1704 273 1855 323 quem

162 336 279 385 olim
325 335 515 384 viderat
553 333 780 383 Labbeus
827 339 973 398 atque
1022 333 1127 382 loca
1179 333 1419 398 quaedam
1459 348 1573 382 cum
1611 334 1752 381 initio
1794 347 1853 380 ex

163 425 220 459 eo
267 415 498 472 excerpta
552 422 747 457 mecum
793 401 1057 474 abstuli.*)
1142 405 1319 456 deinde
1368 421 1407 455 a.
1453 403 1593 456 1865
1641 405 1855 454 eundem

162 489 415 533 auctorem
456 482 569 531 licet
601 495 897 545 anonymum
936 486 985 529 et
1026 480 1287 529 confusum
1319 487 1368 528 et
1407 479 1608 529 dimidia
1640 479 1743 528 fere
1777 480 1855 527 sui

162 563 303 621 parte
343 561 628 604 truncatum
667 561 833 603 extare
877 553 978 602 vidi
1016 555 1067 602 in
1108 553 1278 603 codice
1322 553 1368 602 S.
1403 552 1526 602 Galli
1563 550 1667 602 105
1706 559 1855 617 atque

163 643 224 678 ex
263 629 356 678 hoc
397 627 665 692 exemplari
702 634 954 692 tamquam
993 641 1051 676 ex
1092 634 1229 676 certo
1278 626 1491 691 quodam
1535 626 1855 676 fundamento

163 703 245 752 edi
284 717 429 767 posse
469 701 702 751 intellexi.
764 701 896 749 hunc
936 702 1120 750 iterum
1165 702 1217 750 in
1256 699 1478 750 Helvetia
1519 706 1855 749 commoratus

164 776 406 840 descripsi
446 791 486 824 a.
531 772 669 825 1869
718 769 993 842 (12-18.
1034 768 1204 842 Aug),
1252 774 1497 838 descripsi
1535 775 1684 823 etiam
1723 773 1855 822 Pari-

165 851 381 899 siensem
419 849 479 898 ad
519 863 596 897 me
635 850 984 897 transmissum
1023 847 1309 897 Berolinum
1349 863 1388 897 a.
1434 844 1597 912 1870,
1641 847 1855 912 denique

163 922 224 971 ad
264 929 530 986 utrumque
571 921 760 971 contuli
798 920 1253 985 Cantabrigiensem
1302 916 1388 989 (de
1429 937 1528 986 quo
1567 936 1667 971 uno
1708 920 1857 970 verba

165 996 282 1045 fecit
314 995 615 1060 Daremberg
645 997 697 1044 in
729 995 803 1044 ed.
836 994 1051 1043 Oribasii
1082 1001 1116 1044 t.
1148 994 1169 1043 Ι
1201 1011 1246 1059 p.
1281 989 1391 1062 XL)
1425 1010 1573 1059 quem
1605 1002 1654 1043 et
1693 996 1858 1058 ipsum

164 1084 254 1133 per
300 1076 403 1118 tres
450 1069 552 1117 fere
600 1083 796 1117 menses
843 1083 997 1132 penes
1043 1083 1122 1117 me
1170 1068 1321 1118 habui
1359 1068 1576 1118 Berolini
1617 1083 1656 1117 a.
1702 1064 1856 1118 1873.

165 1157 225 1191 ex
280 1142 440 1191 tribus
494 1142 572 1192 his
627 1141 884 1191 codicibus
935 1157 1061 1207 quos
1117 1142 1248 1192 solos
1294 1144 1409 1192 novi
1455 1149 1673 1192 veterem
1726 1141 1858 1197 hunc

165 1215 438 1265 medicinae
485 1215 739 1265 auctorem
785 1217 984 1265 restitui
1030 1231 1057 1264 a
1108 1211 1361 1281 1875s76,
1412 1215 1566 1280 relegi
1612 1230 1652 1264 a.
1702 1213 1858 1265 1878.

165 1304 313 1353 quem
345 1304 478 1338 nunc
512 1289 617 1354 edo,
658 1289 824 1338 labore
857 1289 1058 1354 quidem
1096 1291 1301 1354 privatis
1341 1291 1466 1339 vitae
1504 1291 1639 1340 curis
1681 1288 1858 1338 sollici-

164 1362 521 1484 tudissibusffue
569 1378 714 1427 saepe
761 1365 1043 1426 interrupto
1092 1370 1239 1428 atque
1286 1365 1338 1412 in
1385 1363 1547 1413 Felice
1596 1370 1651 1412 ut
1700 1363 1859 1411 fateor

166 1438 286 1485 satis
326 1437 426 1485 infe
447 1438 525 1486 ici.

314 1554 588 1603 Berolini
629 1557 715 1604 30.
748 1554 854 1605 Oct.
898 1557 1055 1605 1878.

1239 1675 1576 1722 Valentinus
1613 1675 1779 1721 Rose.

285 1826 327 1883 ³¹³)
367 1830 615 1884 propiet-ea.
654 1827 800 1872 Cassii
846 1827 1133 1873 mensionem
1170 1827 1262 1873 feci
1299 1829 1353 1873 u'c
1389 1827 1483 1872 iam
1524 1827 1574 1872 in
1604 1826 1859 1872 Aristotele

167 1885 576 1943 Pseudepigrapho
614 1901 659 1944 p.
694 1891 780 1932 388
821 1887 887 1931 sic
919 1889 967 1932 et
1003 1886 1054 1931 in
1083 1886 1335 1932 Anecdotis
1368 1887 1433 1942 H,
1468 1890 1565 1930 115.
1601 1890 1707 1941 167,
1739 1886 1861 1930 unde

166 1945 1014 2059 ἓὲὲέᾉὶωὲἒὴὲἳξίἳῗηπῗῗέἒῗὲἓι.
1024 1945 1289 2049 &irai-¹²3⁰
1299 1945 1602 2049 ἐξεῖὼὲᾛω
1609 1944 1860 2061 1.ΐέῗὶωῂΐὲ

167 2077 213 2120 p.
258 2066 371 2107 1088
419 2064 500 2120 sq.)
550 2077 654 2108 cum
704 2061 863 2108 Cassio
903 2062 988 2107 illo
1028 2062 1159 2108 cuius
1201 2063 1327 2120 apud
1366 2062 1551 2108 Celsum
1591 2062 1767 2107 mentio
1807 2062 1861 2105 fif.

165 2122 291 2165 hunc
322 2123 533 2167 nostrum
571 2122 694 2167 male
738 2121 1021 2167 confundens
1061 2123 1244 2178 (utpote
1277 2121 1659 2178 „translatum“)‚
1693 2120 1859 2166 eodem

168 2193 323 2225 errore
355 2193 445 2236 quo
478 2180 573 2225 iam
604 2181 790 2238 lapsum
821 2180 1022 2226 vidimus
1053 2180 1291 2226 Simonem
1323 2180 1352 2225 J
1355 2193 1619 2226 anuensem.
