2004 3186
784 114 1184 166 —163—

286 235 330 283 si
360 249 477 283 vero
511 231 803 298 cogentibus
841 232 1063 284 febribus
1095 234 1188 284 sub
1227 238 1415 301 ingenti
1455 238 1672 288 siccitate
1713 254 1819 290 cor-

137 308 274 373 poris
313 307 563 357 doluerint
599 306 878 357 laborantes
887 347 902 374 ,
938 311 1203 373 ptygmatis
1240 309 1292 358 id
1327 317 1403 359 est
1439 313 1614 375 pannis
1653 313 1821 363 calidis

136 395 198 431 ex
244 381 532 431 decoctione
581 381 712 430 faeni
757 381 923 445 graeci
960 388 1010 430 et
1056 384 1188 432 aneti
1226 382 1456 433 adiuncto
1495 384 1603 433 oleo
1650 388 1819 436 uteris,

133 461 250 520 post
294 454 416 504 haec
463 457 609 504 etiam
658 456 956 504 cerotarium
1004 470 1063 505 ex
1109 455 1366 522 diachylon
1413 458 1701 508 confectum·
1738 475 1819 525 ap·

133 544 313 594 poneS,
353 528 483 592 quod
518 530 748 593 superius
778 529 831 576 in
866 530 1077 578 tetanica
1108 532 1336 595 passione
1370 533 1672 596 scripsimus.
1735 540 1819 583 aut
1842 546 1864 578 5

136 604 436 652 cerotarium
473 601 805 667 pleureticum
844 617 905 651 ex
943 602 1051 651 oleo
1084 606 1288 669 cyprino
1321 605 1602 654 confectum
1642 614 1692 656 et
1728 606 1818 656 lin-

133 676 264 726 teolo
313 674 523 726 densum
569 675 827 725 inductum
875 675 1101 726 similiter
1151 693 1382 743 appones.
1460 684 1510 728 et
1560 680 1820 729 conficitur

134 751 221 800 sic.
298 748 394 798 olei
441 751 633 815 cyprini
679 748 715 804 3
761 747 891 816 VIII,
946 764 1088 799 cerae
1133 750 1168 806 3
1214 751 1298 813 vl,
1344 752 1499 816 adipis
1547 754 1723 802 asinini
1770 759 1820 802 et

132 824 263 873 faeni
309 825 474 888 graeci
520 822 675 873 moliti
723 829 772 872 et
819 823 1044 889 meliloti,
1092 827 1314 875 omnium
1360 827 1512 875 trium
1558 838 1613 876 —:
1664 825 1818 876 binas,

281 896 606 947 electuarium
644 897 931 962 pleureticis
963 904 1014 946 et
1049 899 1484 964 peripleumonicis
1521 901 1817 949 conveniens
1842 912 1884 945 10

133 970 212 1020 dia
249 977 336 1020 ton
374 973 549 1036 picron
589 969 876 1036 amygdalon
916 986 943 1020 a
981 970 1181 1022 Graecis
1221 972 1515 1038 appellatum
1555 973 1603 1022 id
1643 980 1719 1023 est
1758 989 1818 1022 ex

132 1047 311 1094 amaris
358 1044 638 1110 amygdalis
708 1046 887 1110 recipit
931 1051 1096 1094 autem
1143 1046 1308 1096 nuclei
1352 1046 1526 1096 leviter
1563 1047 1819 1096 torrefacti

131 1125 181 1168 et
218 1118 307 1168 lini
338 1120 541 1168 seminis
573 1118 801 1167 similiter
839 1119 1110 1185 torrefacti,
1148 1119 1402 1169 ambarum
1442 1121 1720 1184 specierum
1758 1131 1818 1173 ÷

131 1191 372 1259 singulaS‚
412 1191 651 1257 amygdali
681 1194 835 1241 amari
865 1193 1103 1243 decoriati
1140 1193 1314 1243 leviter
1343 1193 1598 1243 torrefacti
1627 1195 1665 1250 ᾖ
1693 1192 1817 1259 XVI,

128 1266 260 1315 faeni
306 1268 470 1330 graeci
517 1265 675 1315 moliti
718 1265 756 1323 ᾖ
791 1265 924 1331 VIII,
976 1265 1199 1331 draganti
1237 1268 1371 1316 tunsi
1411 1273 1460 1315 et
1506 1269 1631 1316 creti
1664 1267 1703 1325 Β
1739 1266 1815 1333 vl,
1840 1279 1883 1311 15

128 1339 289 1388 mellis
329 1339 608 1404 despumati
648 1339 780 1404 quod
819 1340 1085 1389 suffecerit.

279 1412 423 1462 aliud.
485 1418 599 1478 post
645 1414 889 1462 minutum
938 1412 1159 1462 dolorem
1206 1414 1248 1462 si
1294 1413 1422 1463 forte
1470 1418 1613 1478 sputa
1662 1429 1815 1478 puru-

127 1485 259 1536 lenta
291 1487 609 1552 proiecerint,
648 1486 727 1536 dia
758 1488 952 1552 prassiu
986 1488 1216 1552 superius
1254 1488 1306 1536 in
1338 1486 1550 1552 pthisica
1586 1490 1814 1552 passione

129 1561 399 1625 conscripti
444 1559 742 1610 coclearium
780 1560 802 1609 1
849 1575 963 1610 cum
1009 1561 1140 1610 faeni
1185 1563 1350 1625 graeci
1388 1575 1507 1610 suco
1546 1561 1725 1619 ieiunis
1765 1567 1815 1610 et

128 1634 189 1684 ad
227 1649 485 1698 vesperam
522 1635 664 1699 potui
704 1633 856 1683 dabis,
1837 1646 1883 1678 20

277 1707 421 1757 aliud.
485 1709 728 1772 catapotia
766 1707 991 1774 bechica,
1040 1707 1090 1755 id
1131 1713 1209 1756 est
1245 1706 1579 1773 tussicularia‚
1617 1722 1812 1772 vesper-

127 1782 231 1831 tino
285 1788 510 1846 tempore
562 1780 816 1830 cubaturis
868 1783 921 1830 in
967 1796 1058 1829 ovo
1107 1779 1279 1829 sorbili
1323 1787 1408 1830 aut
1461 1788 1595 1830 certe
1649 1780 1814 1846 tepida

130 1869 255 1919 aqua
294 1854 445 1904 dabis,
510 1861 559 1903 et
599 1869 827 1904 somnum
865 1860 1134 1919 provocant
1166 1860 1216 1902 et
1253 1853 1541 1903 tussiculam
1574 1855 1812 1918 mitigant.

278 1927 411 1978 aliud
442 1930 742 1977 conveniens
774 1930 981 1977 maxime
1012 1929 1055 1977 is
1088 1929 1173 1992 qui
1205 1942 1319 1977 cum
1351 1926 1594 1976 solutione
1626 1929 1813 1977 ventris

247 2045 274 2084 2
305 2042 509 2096 tigmata
540 2053 576 2094 c,
608 2040 788 2097 pimata
811 2054 849 2097 Ρ
890 2040 1111 2097 (ptimata
1135 2041 1225 2096 1³⁰)-
1375 2039 1542 2095 pannis
1574 2038 1736 2084 calidis
1768 2053 1811 2084 c:

124 2112 304 2156 pannos
337 2113 404 2144 ca
430 2113 480 2155 Ρ.
602 2105 630 2143 4
655 2099 798 2144 etiam
815 2113 874 2156 p:
907 2100 956 2143 et
978 2113 1014 2143 c.
1138 2098 1345 2142 dichilon
1368 2111 1436 2155 cp.
1557 2102 1583 2142 5
1608 2098 1732 2155 quod
1756 2123 1811 2131 —

127 2159 190 2227 (fl)
224 2171 429 2215 appones
460 2171 542 2203 om.
577 2171 611 2203 e.
735 2163 760 2202 9
792 2158 947 2203 moliti
987 2171 1029 2202 c.
1069 2157 1243 2202 molliti
1265 2171 1315 2214 Ρ.
1439 2158 1487 2201 et
1524 2156 1723 2201 meliloti
1753 2161 1815 2201 8,ιῖ

124 2236 172 2242 -
203 2217 273 2263 .11.
298 2231 347 2273 Ρ.
474 2222 529 2261 10
561 2217 662 2262 elac
689 2231 734 2273 c,
767 2215 886 2261 El'm
910 2222 961 2274 Ρ.
1101 2221 1153 2260 12
1186 2218 1230 2270 Rs
1261 2230 1327 2272 εΡ
1465 2217 1622 2260 autem
1652 2229 1734 2260 om.
1762 2229 1811 2271 Ρ.

125 2276 343 2320 nucleum
375 2280 451 2321 ete.
477 2290 527 2333 Ρ.
704 2280 759 2320 13
793 2277 842 2321 et
869 2277 900 2320 1.
934 2291 967 2320 s.
1001 2275 1217 2319 similiter
1246 2288 1329 2319 om.
1362 2288 1399 2321 c.
1573 2274 1814 2320 torrefacti

125 2350 302 2394 addidi.
455 2350 638 2400 ambau
669 2350 838 2406 spebus
871 2333 933 2400 ..ἒ
967 2347 1102 2406 singl'
1106 2363 1157 2393 as
1181 2362 1224 2393 c.
1257 2338 1325 2392 ut¹
1326 2362 1370 2407 ⁸3
1411 2349 1518 2404 (Ρνο
1556 2346 1812 2403 utriusque)

123 2411 196 2453 αἱ.
229 2410 274 2464 -;-
307 2407 354 2454 ..Ι
379 2422 429 2465 Ρ.
575 2413 630 2452 14
662 2408 887 2453 decoriati
915 2422 962 2453 e:
1002 2407 1242 2452 discoriati
1264 2422 1316 2465 Ρ.
1443 2404 1562 2451 siml'
1594 2405 1812 2450 torefacti

121 2467 240 2523 (hic)
270 2480 304 2511 c.
430 2471 483 2512 15
514 2467 670 2513 moliti
699 2474 730 2518 3
762 2467 972 2524 V1111p,
1003 2466 1222 2512 melliloti
1250 2471 1276 2516 3
1308 2466 1418 2510 VIII
1452 2478 1487 2509 c.
1606 2462 1811 2508 tracanti

126 2540 163 2580 e,
204 2526 385 2583 dragat.
417 2539 468 2583 Ρ.
600 2531 653 2571 16
685 2541 745 2570 m.
787 2526 1039 2583 dispumati
1078 2541 1122 2583 q.
1163 2525 1335 2570 sufficit
1377 2537 1443 2580 οΡ.
1612 2527 1665 2566 18
1712 2521 1810 2566 dia.-

122 2584 331 2642 prasium
356 2598 400 2639 c,
434 2584 550 2630 -sii
573 2598 625 2642 Ρ.
745 2584 884 2631 tisica
907 2599 973 2641 cp.
1099 2589 1153 2629 19
1178 2583 1489 2649 conscriptum
1515 2595 1550 2627 c.
1672 2580 1811 2625 cocl'r
1877 2579 1886 2600 ¹

116 2658 169 2701 Ρ,
202 2644 325 2689 cocI'-
350 2657 384 2688 c.
507 2658 613 2688 cum
644 2644 756 2688 fenu
786 2657 924 2701 greco
958 2646 1056 2700 (om.
1090 2645 1275 2699 suco)c
1406 2640 1562 2686 ieiunu
1595 2653 1630 2685 c.
1751 2643 1809 2683 20

123 2703 184 2746 ad
230 2716 476 2760 vesperum
532 2705 632 2758 (om.
682 2703 747 2759 et)
794 2716 830 2749 c.
1011 2707 1066 2746 21
1112 2701 1306 2759 capucia
1352 2714 1397 2755 c,
1451 2697 1716 2764 catapucias
1754 2710 1805 2752 Ρ.

123 2761 315 2807 bethica
346 2775 382 2818 c,
413 2761 631 2806 bechicas
647 2775 698 2818 Ρ.
819 2761 1135 2806 tussicularias
1151 2774 1202 2818 Ρ.
1324 2763 1379 2804 22
1405 2771 1494 2805 ova
1517 2755 1708 2803 sorbilia.
1738 2769 1806 2812 οΡ.

122 2825 179 2866 23
213 2822 260 2866 et
290 2834 334 2866 c:
367 2834 457 2877 que
489 2822 536 2865 et
564 2834 609 2877 Ρ.
732 2824 790 2864 24
819 2819 881 2864 is:
912 2820 986 2864 his
1017 2834 1084 2876 σΡ.

1454 2889 1542 2934 11*
