2004 3186
859 103 1252 157 —226—

211 218 453 264 bubulum
463 219 570 276 (lac)
582 232 605 264 c
618 219 717 276 (ubi
732 219 1009 264 bubulinum

235 280 290 336 p)
308 283 349 323 6.
375 277 611 323 bubulinis
626 277 882 334 (carnibus)
902 291 925 322 c
940 283 1008 322 71.

211 337 417 383 buccam
441 336 647 394 perforet
663 336 837 394 (cancri
859 336 1010 381 dentis

210 397 420 500 11811111ἓῇ
441 401 632 499 3gvero
656 468 761 499 cum
786 467 1011 499 consensu

239 513 452 570 radicum
491 512 732 558 oculorum
762 513 1011 558 bulborum

239 572 449 628 ipsorum
479 571 622 616 fuerit
652 572 786 616 dolor
819 577 858 615 1.

211 644 397 691 bullire
410 656 424 690 ε
444 645 484 689 si
496 659 637 703 aeger
647 644 793 690 nimio
811 645 1013 690 febrium

243 706 375 749 aestu
405 703 575 748 bullire
607 704 813 761 coeperit
843 710 913 748 61.

212 777 386 834 butyri
414 783 464 834 90
495 778 595 834 (ubi
623 778 749 822 butri
771 792 800 834 9
831 779 889 833 cf.
913 778 1010 823 ind.

241 838 305 882 ad
334 837 606 881 Anthi‘mum
628 850 663 882 s,
688 850 745 893 v.‚
768 837 914 881 butiri
938 840 1011 893 cp)

240 900 311 939 40.
361 895 565 939 butirum
593 898 828 940 recentem
860 909 915 952 cp
939 901 1011 942 46.

213 968 469 1014 calabrica
500 969 583 1026 (sic
614 970 708 1025 cp):
739 970 848 1025 post
872 969 1013 1013 defri-

242 1027 475 1072 cationem
566 1027 825 1073 adhibitam
902 1028 1013 1073 lana

238 1086 412 1132 munda
473 1086 654 1143 operire
717 1088 906 1143 (cutem)
967 1089 1015 1132 et

239 1145 374 1190 molli
390 1159 444 1190 ac
460 1146 592 1190 tenui
609 1146 844 1191 calabrica
864 1145 1013 1203 ligare

243 1209 313 1248 53.
368 1205 426 1259 cf.
461 1204 588 1261 Plin.
621 1206 732 1249 med.
764 1205 938 1260 (Rom.)
960 1219 1012 1262 p.

239 1261 327 1307 66‘1
382 1264 447 1308 ed.
502 1264 616 1308 Bas.
669 1265 786 1309 haec
839 1264 1014 1320 pariter

241 1335 410 1377 coques
450 1324 497 1366 et
529 1358 538 1367 .
573 1358 581 1367 .
619 1358 627 1367 .
659 1323 804 1367 linteo
850 1336 1014 1380 grosso

241 1379 432 1426 induces
479 1382 528 1425 et
576 1381 691 1426 locis
746 1380 1013 1426 dolentibus

243 1453 325 1483 seu
386 1440 638 1484 contractis
698 1440 908 1497 impones
965 1442 1014 1484 et

241 1497 488 1543 calabricis
528 1497 698 1555 ligabis
736 1499 808 1543 bis
846 1500 897 1543 in
936 1499 1011 1544 die

239 1571 324 1613 per
353 1557 573 1602 triduum.
637 1558 697 1602 ib.
735 1572 786 1614 p.
819 1562 904 1603 67²
933 1558 1012 1602 fri-

241 1615 461 1673 cabisque
509 1616 810 1661 vehementer
847 1616 919 1660 bis
962 1616 1013 1660 in

240 1674 316 1719 die
348 1676 396 1719 et
426 1675 546 1719 lanis
576 1675 786 1720 involves
813 1677 859 1720 et
889 1676 1011 1720 cala-

239 1733 457 1778 bricabis.

210 1807 434 1852 calcaret
468 1807 704 1853 lemniscis
745 1809 793 1852 et
829 1807 1009 1853 tiltario

241 1867 327 1922 (vel
355 1866 482 1922 tilto)
512 1867 669 1911 locum
706 1867 906 1911 calcabis
941 1871 1010 1911 18.

239 1924 517 1970 lemniscum
550 1961 559 1969 .
595 1962 603 1970 .
641 1960 650 1969 .
684 1926 887 1970 calcabis
946 1926 1013 1982 (in

238 1983 425 2029 fistulae
450 1986 715 2041 cavernam)
734 1989 805 2031 20.
854 1987 1012 2029 canta-

239 2042 376 2087 brum
403 2056 496 2087 non
518 2042 658 2087 nimis
690 2044 915 2088 calcatius
940 2048 1010 2089 35.

237 2101 458 2158 palmulis
510 2102 704 2147 calcatis
753 2102 1011 2159 (calcaticis

238 2162 341 2217 9012)
375 2163 431 2216 (v.
463 2174 498 2206 8.
531 2163 748 2216 πατητοί)
780 2166 850 2205 33.

211 2218 543 2264 calefactoria
576 2219 789 2275 (sanatis)
822 2224 891 2264 52.

213 2277 500 2323 callositas=
556 2279 625 2334 (in
677 2278 845 2333 fistulis
898 2292 1015 2335 quae

240 2337 349 2381 sunt
400 2336 561 2381 ulcera
614 2336 921 2394 pendiginosa
967 2339 1014 2381 et

239 2394 516 2440 intrinsecus
559 2395 750 2453 callosa)
791 2401 863 2442 20.
917 2409 1013 2440 cor-

239 2453 365 2510 poris
389 2454 627 2499 callositas
651 2456 721 2512 (in
737 2455 1013 2512 elefantiasi)

241 2518 311 2557 73.
382 2513 443 2556 ad.
495 2513 718 2559 duritiam
768 2513 1010 2570 (matricis)

240 2572 318 2616 vel
349 2572 634 2617 callositates
668 2577 736 2617 78.
771 2599 826 2605 -
859 2572 1011 2629 adipis

241 2630 405 2675 callosi
436 2631 714 2687 qualitatem
745 2637 817 2677 27.

212 2700 485 2759 cancerosa
530 2690 755 2736 ulceratio
801 2695 856 2735 32
901 2691 1008 2747 (vid.

211 2750 721 2866 cgssigffiffgfflimpore
747 2813 818 2854 46.
848 2814 918 2853 61.
953 2813 1007 2853 68

1132 220 1359 277 (tempore
1400 219 1549 276 magis
1581 218 1782 264 ferventi
1813 220 1898 264 sub

1131 292 1245 323 cane
1277 279 1359 323 aut
1389 279 1498 334 post
1528 291 1691 322 canem
1723 281 1812 335 73).

1101 337 1274 382 canosi
1299 336 1458 394 capilli
1482 341 1523 381 2.
1550 341 1576 381 5
1601 338 1676 393 (cf.
1695 337 1901 383 Paucker

1131 396 1342 453 Spiciley.
1378 398 1501 441 1875
1526 409 1576 452 p.
1609 400 1702 441 201
1734 397 1831 452 sq).

1102 455 1385 500 cantabricis
1416 455 1715 510 (πιτυρίασις)
1748 459 1788 499 6.

1104 513 1396 558 cantabrum
1422 518 1461 559 1.
1488 519 1528 558 6.
1554 518 1596 557 7.
1621 518 1691 558 35.
1724 519 1795 560 38.
1829 518 1899 559 51.

1134 577 1203 616 61.
1260 578 1330 617 66.
1386 577 1440 617 71
1498 572 1576 628 (cf.
1625 572 1777 629 Cael).
1840 575 1903 618 ad

1133 645 1170 676 c.
1211 636 1233 675 1
1279 635 1501 676 corrector
1547 630 1805 676 Germanus
1848 633 1902 677 in

1131 703 1161 747 9
1191 703 1335 747 supra
1368 691 1554 746 scripsit
1584 690 1720 735 chlia.

1103 749 1409 806 capillatura
1455 747 1623 806 capitis
1674 755 1711 795 1.
1760 751 1902 807 caput

1134 809 1294 853 contra
1339 808 1668 865 capillaturam
1709 808 1827 853 lines
1877 814 1899 852 1

1134 868 1208 922 (cf.
1243 866 1362 912 Cael.
1387 868 1479 911 chr.
1504 871 1547 922 1,
1578 871 1653 912 35.
1685 871 1748 912 98
1779 881 1901 912 nunc
1992 863 1997 878 ⁵

1132 940 1217 982 pro
1272 939 1372 983 cap.
1422 939 1544 970 nunc
1592 927 1752 970 contra
1801 940 1901 983 cap.

1133 989 1211 1030 etc.
1261 986 1319 1040 cf.
1351 985 1535 1029 Ro‘nsch
1566 985 1629 1028 It.
1663 986 1756 1041 40).

1104 1043 1367 1100 capillosis
1411 1043 1461 1087 in
1506 1042 1623 1088 locis
1670 1048 1711 1087 5.
1755 1048 1782 1088 6
1826 1044 1900 1102 (cf.

1134 1102 1289 1159 Cael.).

1103 1161 1346 1218 capitella
1375 1161 1622 1218 papaveris
1654 1166 1724 1206 44.
1759 1167 1830 1207 62.

1103 1219 1464 1266 carboncsccre
1475 1232 1491 1265 ε

1131 1279 1275 1336 friges
1334 1278 1384 1323 in
1445 1280 1548 1324 oleo
1603 1279 1749 1324 donec
1804 1294 1901 1325 car-

1132 1339 1388 1442 gonescant
1413 1338 1711 1384 mediocriter
1735 1344 1790 1384 53
1824 1340 1900 1396 (cf.

1172 1398 1286 1452 ael.).

1103 1455 1344 1501 carduus:
1381 1457 1572 1501 cardum
1599 1458 1715 1512 (ital.
1743 1456 1901 1513 cardo)

1132 1516 1257 1560 codd.
1294 1520 1317 1558 1
1360 1515 1433 1571 (cf.
1476 1515 1665 1560 Schuch.
1711 1515 1818 1560 Vok.
1851 1519 1901 1571 2,

1104 1632 1403 1677 carnificare
1443 1634 1518 1688 (=
1551 1632 1758 1688 σαρκοῦν
1796 1632 1899 1678 Gal.

1135 1691 1234 1745 XI,
1265 1695 1374 1736 126.
1406 1694 1521 1747 128)
1556 1696 1624 1735 19.
1658 1697 1727 1735 20.

1103 1750 1384 1795 carnositas
1415 1755 1484 1794 32.

1102 1820 1371 1854 carnosus:
1395 1808 1556 1852 vinum
1586 1808 1830 1866 (nigellum
1854 1811 1903 1854 et

1130 1867 1439 1912 fortissimum
1466 1869 1530 1922 et)
1563 1882 1806 1913 carnosum
1829 1874 1900 1914 42.

1131 1952 1187 1959 -
1218 1940 1436 1971 carnosus
1465 1929 1621 1972 tumor
1651 1932 1736 1974 29..

1102 1984 1472 2042 carpobalsami
1503 1991 1574 2030 45.

1102 2043 1425 2101 carpodesmo
1434 2044 1900 2102 ligabis(membrum)

1104 2162 1525 2216 cartilaginosum
1558 2161 1822 2206 articulosis
1855 2164 1902 2207 et

1132 2221 1339 2265 nervosis
1370 2221 1482 2264 loris
1513 2222 1589 2264 vel
1625 2220 1900 2265 musculosis

1134 2281 1183 2324 et
1215 2279 1555 2336 cartilaginosis
1591 2285 1662 2324 27.

1104 2337 1407 2383 catafricare
1422 2339 1504 2395 (ὃς
1524 2338 1671 2383 oculis
1688 2339 1856 2383 clausis
1867 2373 1877 2382 .
1890 2374 1900 2384 .

1131 2398 1286 2441 totum
1319 2399 1460 2453 caput
1490 2397 1786 2442 catafricabis
1818 2398 1902 2454 (sic

1132 2469 1207 2512 90,
1247 2456 1608 2512 cataplasmabis
1640 2458 1695 2513 p)
1735 2459 1782 2502 et
1821 2457 1901 2502 ad-

1129 2514 1252 2559 iecta
1269 2529 1391 2572 aqua
1408 2515 1562 2559 calida
1576 2515 1757 2560 lavabis
1775 2518 1846 2560 et.
1863 2553 1871 2559 .
1890 2550 1899 2559 .

1132 2575 1327 2630 (iterum)
1353 2573 1543 2619 fricabis
1570 2576 1618 2618 et
1641 2575 1811 2618 iterum
1834 2574 1901 2618 la·

1130 2632 1262 2677 vabis
1298 2638 1335 2676 1.
1390 2634 1468 2689 leq.
1505 2632 1810 2677 confricabis?

1100 2691 1464 2748 cataplasmare
1497 2693 1572 2747 (cf.
1610 2692 1696 2737 Th.
1735 2691 1902 2746 Prisc„

1132 2750 1269 2806 Cael.)
1308 2764 1441 2807 saepe
1480 2752 1548 2806 (ut
1592 2751 1899 2806 cataplasma:

1130 2811 1237 2866 post
1281 2809 1630 2866 cataplasmatis
1678 2809 1776 2854 dies
1824 2823 1899 2854 ex-

1572 1219 1786 1265 radices.
1815 1257 1825 1267 .
1852 1258 1861 1267 .
1890 1256 1900 1266 .
1991 1225 1994 1227 ’
