2004 3186
703 116 1098 170 -221-

84 235 220 292 sectio
236 247 361 279 nunc
383 246 476 278 non
492 235 616 279 extat
630 232 684 277 in
708 231 859 277 Cassii

87 294 364 351 ‚‚pratica“).

52 351 356 398 Biamelitos
387 351 623 408 malagma
654 363 684 395 a
717 349 857 395 melle

89 411 215 468 quod
229 409 411 467 recipit.
444 409 570 466 quod
586 422 721 466 grece
738 408 860 452 milli

88 470 270 515 dicitur.
297 468 480 515 Cassius
504 467 637 513 Felix
660 469 735 524 (cf.
763 467 858 512 cod.

87 529 242 574 Paris.
260 528 455 584 append.
473 527 507 582 f.
521 531 609 572 87³
624 527 860 584 Malagma

87 587 354 632 diamelitos
390 586 420 631 i.
463 599 520 630 ex
549 586 690 631 melle
724 598 856 642 para-

89 646 246 704 gorice
300 647 349 690 et
403 645 622 690 calastice
668 644 857 689 virtutis

90 706 274 751 solvens
321 704 560 749 universas
615 703 859 748 stricturae

87 767 296 810 tumores
315 799 324 808 .
343 799 352 808 .
373 799 382 808 .
403 763 500 807 sive
540 762 737 807 duritias
758 797 767 806 .
788 795 798 806 .
817 763 860 818 .).

59 823 365 869 Diaostreon
397 822 455 866 de
488 821 656 866 cocleis
688 823 862 866 ostreo-

89 896 206 926 rum.
262 881 448 927 Cassius
488 879 620 925 Felix
655 880 706 924 in
743 879 862 925 anti-

90 940 274 986 dotario
307 941 383 998 (cf.
416 953 561 996 supra
589 953 625 985 s.
658 936 773 995 διά).

59 999 303 1045 Euretica
319 1002 394 1056 (sc.
422 995 699 1057 ἆραιωτική)
716 998 864 1043 virtus

92 1072 229 1116 grece
251 1058 303 1103 id
327 1060 399 1103 est
421 1057 714 1103 rarefactiva.
757 1056 866 1102 Cas-

92 1118 187 1162 sius
226 1117 359 1162 Felix
404 1117 469 1162 de
517 1117 642 1162 oleo
683 1131 865 1161 camo-

90 1177 320 1221 millino
365 1176 416 1220 in
461 1175 747 1221 antidotario
791 1176 864 1233 (cf.

91 1237 188 1282 cod.
215 1236 371 1281 Paris.
397 1249 503 1292 app.
529 1235 563 1290 f.
590 1234 678 1280 85b
703 1235 866 1279 Camo-

91 1295 214 1339 milli
264 1293 427 1339 viridis
481 1294 617 1338 flores
677 1292 868 1338 rotundi

92 1357 136 1408 -ζ-
167 1355 203 1398 Ι.
260 1353 352 1398 olei
392 1352 527 1410 spani
565 1353 720 1397 emina
757 1354 791 1396 I.
823 1355 868 1407 ἢ

92 1412 192 1457 XX.
228 1412 470 1457 conficitur
484 1411 534 1455 in
561 1411 658 1456 sole
677 1424 868 1468 suspen-

94 1486 198 1515 sum
246 1471 367 1515 sicut
414 1484 658 1515 rosaceum
704 1495 760 1503 —
805 1483 866 1515 sc.

92 1531 215 1588 quod
242 1530 474 1586 praecedit
497 1554 552 1561 —
579 1530 628 1572 et
658 1530 732 1574 est
753 1528 867 1572 lixe-

93 1589 271 1646 peritos
325 1587 647 1633 febrientibus,
723 1588 869 1632 habet

93 1649 320 1693 virtutem
344 1647 601 1692 areuticam
626 1660 767 1702 quam
783 1659 866 1690 nos

94 1706 447 1752 disraratoriam
471 1704 683 1749 dicimus.
724 1704 867 1761 siqui-

95 1767 203 1811 dem
243 1766 396 1810 cutem
427 1763 701 1808 disrarando
733 1764 867 1820 pate-

93 1825 210 1870 facit
250 1826 298 1869 et
332 1823 383 1868 in
424 1823 640 1868 sudorem
675 1822 866 1867 relaxat.

96 1885 154 1940 cf.
187 1884 291 1929 Gal.
328 1883 435 1936 XI,
467 1883 587 1938 749).

67 1942 356 1990 Gerontica.
420 1941 606 1986 Cassius
645 1939 778 1984 Felix
818 1939 867 1983 in

97 2001 379 2047 antidotario
466 2000 524 2044 in
613 1998 866 2043 trocisco

96 2075 254 2106 musa
287 2059 558 2118 „gerontica
579 2059 711 2103 velut
734 2056 869 2102 Greci

97 2119 261 2165 dicunt
303 2133 391 2176 que
433 2118 619 2163 cronica
661 2131 744 2162 nos
787 2118 870 2161 aut

99 2178 308 2224 senilia“.

71 2237 233 2284 Gifieo
257 2238 332 2282 vel
357 2236 435 2294 gifi
462 2237 510 2281 et
541 2235 678 2293 gifico
702 2233 869 2279 hermii

100 2296 347 2353 antiquum
393 2296 655 2340 antidotum
693 2294 871 2338 dictum

100 2370 129 2400 a
153 2356 203 2413 gi
225 2355 350 2412 quod
373 2357 446 2399 est
466 2355 594 2399 terra
616 2357 665 2399 et
688 2355 748 2398 ab
770 2353 871 2397 her-

101 2417 225 2458 mete
255 2414 537 2470 philosopho
563 2447 572 2457 .
593 2449 602 2458 .
623 2448 632 2457 .
654 2412 872 2457 laudatur

100 2473 149 2517 in
184 2473 360 2517 multis.
411 2472 640 2517 confectio
673 2472 772 2516 eius
802 2470 871 2514 in-

101 2531 286 2577 venitur
334 2531 384 2575 in
436 2530 718 2576 antidotario
771 2529 871 2574 uni-

102 2590 274 2636 versali
305 2592 353 2635 et
383 2590 507 2647 apud
540 2589 750 2634 Cassium
787 2589 873 2634 Fe-

103 2649 253 2695 licem.

74 2709 270 2754 Ibiscus
317 2708 496 2752 eviscus
536 2707 694 2752 althea
731 2706 869 2751 idem.

106 2768 290 2813 Cassius
330 2766 461 2812 Felix
498 2766 548 2811 in
590 2764 871 2811 antidotario

980 230 1235 288 capitulo
1298 231 1363 276 de
1432 232 1462 276 d
1511 233 1744 288 aquilon

981 291 1070 335 etc.
1103 290 1178 346 (cf.
1208 302 1352 346 supra
1381 303 1415 335 s.
1447 292 1660 347 αλθαία).

951 348 1113 393 Leuce
1182 347 1501 417 diapipereos
1573 350 1746 416 empla-

981 409 1128 452 strum
1167 407 1227 452 ab
1257 406 1364 452 albo
1395 421 1556 465 pipere
1587 407 1748 452 dicunt

980 466 1106 534 quod
1135 464 1315 534 recipit.
1382 465 1744 534 iri-‘antidotario

980 525 1184 592 Oribasn
1195 526 1270 627 liet
1309 525 1457 570 Cassu
1494 524 1662 570 Fehc1s
1702 529 1749 571 et

952 597 1524 699 Iffiggrsiidpsimmum
1575 643 1747 700 empla-

982 700 1619 829 {fsffifflssgussffxssza
1641 715 1751 804 aar

984 834 1104 864 sium
1133 819 1338 863 Fehcem
1368 834 1417 863 m
1456 818 1750 863 antidotario.

954 893 1202 948 Malagma
1214 891 1298 936 dia
1309 891 1605 938 mellilotos.
1644 891 1752 937 Oas-

985 952 1080 997 sius
1108 950 1240 996 Felix
1276 951 1325 995 in
1364 951 1643 996 antidotario
1675 952 1749 1008 (cf.

983 1024 1128 1068 swpra
1157 1024 1193 1056 s.
1225 1007 1338 1066 διά).

955 1083 1184 1130 Molibai.
1219 1083 1401 1128 Cassius
1417 1083 1548 1128 Felix
1562 1084 1611 1127 in
1634 1083 1752 1128 anti-

987 1143 1171 1189 dotario
1210 1142 1484 1187 diamolibdi
1513 1142 1562 1187 id
1593 1144 1666 1187 est
1695 1143 1752 1187 de

988 1203 1193 1259 plumbo.

958 1260 1221 1308 olosidera
1306 1259 1492 1317 spatula
1568 1259 1753 1305 Cassius

985 1320 1118 1364 Felix
1127 1354 1139 1373 ,
1170 1319 1221 1363 id
1244 1321 1315 1363 est
1341 1318 1503 1363 ferrea.
1550 1331 1659 1361 nam
1684 1331 1755 1374 sy-

987 1378 1121 1423 diron
1153 1377 1281 1435 greci
1310 1377 1495 1421 sermm.

958 1436 1127 1494 Opode
1159 1435 1388 1481 medicine
1412 1435 1461 1479 id
1485 1437 1556 1479 est
1584 1448 1673 1491 que
1698 1435 1755 1479 de

989 1495 1138 1540 succis
1176 1495 1295 1539 fiunt
1333 1495 1385 1538 ut
1429 1493 1599 1550 opium.
1649 1493 1754 1537 Cas-

988 1555 1083 1599 sius
1107 1554 1239 1598 Felix
1263 1553 1328 1597 de
1357 1553 1610 1597 cautella
1642 1552 1754 1596 col-

987 1614 1005 1657 l
1015 1613 1031 1656 i
1041 1613 1089 1656 ri
1099 1626 1125 1656 o
1134 1628 1157 1655 r
1165 1627 1197 1655 u
1204 1627 1264 1655 m.

957 1671 1184 1727 Pyopion
1208 1683 1342 1727 grece
1367 1669 1543 1714 saniem
1567 1669 1755 1713 ducens,

989 1730 1172 1775 Cassius
1183 1729 1314 1773 Felix
1325 1729 1375 1772 in
1394 1728 1754 1773 confectione

987 1788 1266 1846 unguenti
1295 1787 1598 1832 tetrafarm
1609 1787 1707 1830 aci.

958 1861 1226 1907 Rhizentia
1242 1860 1477 1917 (Rizoncia
1495 1860 1557 1904 M
1556 1860 1664 1904 atth.
1686 1859 1753 1915 S.)

985 1936 1136 1979 grece.
1183 1919 1368 1966 Cassius
1398 1919 1528 1964 Felix
1558 1919 1607 1962 in
1637 1918 1756 1962 anti-

987 1980 1167 2025 dotario
1208 1979 1283 2036 (cf.
1322 1978 1577 2023 rizonichia
1614 1991 1650 2022 c.
1696 1979 1754 2021 13

987 2040 1042 2085 de
1083 2038 1372 2095 stiqmatibus
1425 2038 1498 2081 cit.
1555 2035 1666 2081 Sim.
1719 2048 1754 2079 s.

989 2096 1332 2152 chrisonichia).
1410 2096 1517 2139 sunt
1576 2094 1754 2139 radices

989 2158 1102 2201 dure
1127 2170 1215 2212 que
1246 2156 1296 2199 in
1317 2154 1549 2198 ulceribus
1574 2154 1755 2210 aposte-

988 2217 1168 2260 matum
1204 2214 1305 2258 iam
1341 2214 1644 2258 vacuatorum
1689 2225 1759 2255 re-

989 2275 1181 2319 manent
1212 2275 1299 2317 etc.

961 2348 1135 2394 Stante
1168 2348 1265 2403 (sic,
1296 2347 1327 2391 i.
1357 2359 1393 2390 e.
1425 2341 1613 2399 στακτή)
1646 2343 1754 2388 Cas—

991 2407 1085 2451 sius
1109 2406 1241 2451 Felix
1271 2405 1319 2448 in
1350 2403 1643 2448 antidotario.
1685 2404 1756 2446 est

992 2465 1279 2523 capitellum,
1293 2462 1469 2508 scilicet
1478 2475 1599 2517 aqua
1606 2459 1756 2517 prima

993 2523 1247 2582 saponarii‚
1288 2524 1340 2565 ut
1378 2520 1566 2577 exponit
1605 2519 1679 2575 (cf.
1719 2531 1753 2562 s.

993 2583 1264 2641 capitellum
1302 2581 1494 2625 vocatur
1531 2591 1652 2633 aqua
1684 2590 1755 2621 sa-

992 2642 1305 2700 ponariorum.
1347 2637 1557 2682 lixivium
1574 2637 1642 2680 est
1666 2648 1755 2691 quo

990 2702 1045 2746 fit
1085 2713 1210 2757 sapo.
1275 2710 1396 2754 aqua
1434 2695 1584 2752 prima
1621 2694 1757 2751 gutta

991 2760 1143 2818 prima
1175 2773 1203 2804 a
1242 2755 1517 2814 quibusdam
1556 2752 1755 2807 dicitur).
