2004 3186
753 104 1118 156 -11—

93 223 436 274 commiscebis
476 239 536 273 ex
574 221 764 289 aequali
802 224 947 273 modo
980 231 1028 273 et
1060 223 1224 274 addito
1256 224 1400 273 melle
1433 231 1483 274 et
1513 232 1652 276 aceto
1690 226 1779 277 lin-

95 298 222 348 teolo
260 298 519 348 inductum
558 312 788 363 apponeS.
855 304 905 346 et
945 313 1058 347 cum
1096 297 1278 347 videris
1316 297 1422 347 loca
1460 298 1586 349 bene
1626 301 1780 350 fuisse

89 371 348 438 desiccata,
379 373 622 421 cerotario
645 373 805 421 uteris
829 370 962 436 quod
986 372 1218 420 conficies
1243 373 1328 421 sic.
1369 371 1578 438 sulphur
1602 375 1780 441 vivum,

89 444 234 494 bacas
281 447 431 512 lauri,
477 444 682 494 herbam
730 445 987 510 perdicion
1035 445 1085 494 id
1126 452 1202 494 est
1238 447 1574 514 parietariam,
1617 450 1780 497 omnia

89 518 374 584 singillatim
419 525 554 568 teres
599 520 668 568 ita
713 525 769 568 ut
807 518 1060 584 sulphuris
1105 518 1375 584 plurimum
1418 522 1620 574 mittas..
1659 528 1779 571 tunc
1802 531 1822 565 5

7 615 10 618 >
89 607 253 642 ceram
303 607 417 641 cum
464 592 572 641 oleo
619 594 835 657 myrtino
881 592 1148 642 sufficienti
1192 592 1410 642 resolves
1458 600 1508 643 et
1547 610 1660 644 cum
1706 596 1779 645 in-

87 665 391 730 frigidaverit
428 665 572 714 rades
605 673 656 715 et
686 681 836 731 supra
874 666 1029 716 dictas
1070 669 1261 732 species
1300 666 1594 717 admiscebis
1627 675 1676 718 et
1706 671 1779 718 in-

87 738 292 789 ductum
337 754 569 804 appones.
639 741 787 789 etiam
832 747 883 789 et
946 742 998 789 in
1043 740 1235 789 lavacro
1283 747 1430 805 caput
1481 757 1541 791 ex
1595 757 1777 807 sapone

86 812 286 862 fricabis
324 814 376 862 in
418 828 515 877 quo
553 814 694 878 prius
733 815 886 864 fuerit
917 813 1126 879 sulphur
1157 814 1439 864 admixtum.
1495 822 1545 865 et
1575 817 1618 865 si
1651 817 1778 866 forte

22 885 27 888 ’
87 888 256 936 canosi
295 886 457 952 capilli
507 887 692 936 fuerint
730 890 858 954 nati,
903 888 1193 952 frequenter
1237 888 1445 953 psilotro
1494 889 1777 940 emendabis
1802 900 1844 932 10

86 967 247 1025 caput.

626 1078 707 1128 ΙΙΙ.
768 1079 849 1129 Ad
887 1080 1216 1145 pediculos,

234 1182 291 1231 In
316 1181 609 1231 cachecticis
634 1182 926 1247 corporibus
951 1182 1001 1232 id
1026 1189 1102 1232 est
1125 1183 1252 1232 mala
1274 1181 1563 1233 habitudine
1588 1181 1776 1235 affectis

3 1255 7 1261 ”
84 1255 368 1321 pediculosa
397 1257 561 1321 passio
601 1262 868 1320 generatur
907 1271 1055 1321 quam
1087 1255 1262 1306 Graeci
1292 1255 1554 1322 pthiriasin
1585 1267 1776 1309 vocant.

231 1331 499 1379 curationis
555 1336 721 1379 autem
774 1337 999 1395 tempore
1053 1329 1140 1379 tali
1193 1330 1549 1381 medicamento
1604 1335 1776 1400 uteriS,
1801 1343 1842 1376 15

82 1402 186 1452 hoc'
203 1409 279 1452 est
314 1403 665 1469 staphisagriae
696 1411 863 1469 partes
896 1403 1032 1470 duaS‚
1064 1404 1358 1454 sandaracae
1392 1411 1442 1454 et
1466 1406 1585 1454 nitri
1607 1414 1774 1471 partes

83 1477 299 1542 singulas
340 1492 454 1526 cum
492 1484 631 1526 aceto
672 1485 722 1527 et
760 1477 868 1527 oleo
913 1477 1176 1542 diligenter
1213 1484 1347 1527 teres
1389 1484 1438 1527 et
1477 1486 1625 1544 caput
1661 1496 1773 1545 per-

80 1566 294 1618 ungueS‚
348 1551 436 1600 sed
490 1557 686 1616 oportet
739 1557 882 1600 antea
936 1567 1061 1616 aqua
1115 1551 1269 1601 calida
1323 1551 1449 1601 salsa
1508 1552 1668 1603 lavare
1725 1561 1774 1603 et

80 1623 339 1689 detergere
381 1631 430 1674 et
469 1627 540 1674 sic
580 1640 816 1690 unguere.
852 1619 858 1693 Ι

375 1756 482 1806 ΙΙΙΙ.
542 1757 622 1806 Ad
662 1757 1015 1822 capillorum
1055 1756 1474 1807 defluxionem.
1789 1779 1831 1811 p.
1858 1769 1922 1802 178

228 1859 450 1909 Dessuxio
506 1860 794 1925 capillorum
841 1861 1082 1925 contingit
1127 1875 1187 1908 ex
1241 1859 1491 1910 debilitate
1547 1863 1771 1926 corporis

204 2035 226 2073 1
269 2031 538 2075 commisces
580 2044 656 2089 90,
695 2030 915 2075 miscebis
947 2044 998 2086 Ρ.
1122 2045 1178 2075 ex
1203 2065 1213 2074 .
1239 2065 1249 2075 .
1278 2065 1287 2075 .
1312 2030 1488 2088 (modo)
1529 2032 1577 2075 et
1611 2044 1694 2075 om.
1727 2046 1778 2089 Ρ.

82 2094 109 2132 2
142 2088 284 2134 fuisse
314 2104 390 2148 9e:
423 2103 507 2134 om.
533 2104 582 2146 Ρ.
706 2094 732 2133 3
766 2090 1047 2134 cerotarium
1076 2105 1106 2148 9
1131 2089 1277 2146 (—rio
1305 2092 1397 2146 Ρο).
1536 2090 1721 2134 conficis
1751 2105 1781 2148 9

83 2148 253 2204 (—ceis
276 2151 348 2205 Ρ),
381 2149 561 2193 -citur
592 2163 629 2193 c.
750 2153 780 2192 4
809 2149 978 2193 baccas
1007 2162 1062 2207 9e
1100 2149 1259 2204 (bacas
1282 2150 1353 2206 Ρ).
1475 2154 1504 2193 4
1535 2150 1780 2205 περδίκιον

83 2207 263 2252 adhibet
293 2207 503 2253 Soranus
542 2208 666 2264 (Gal.
705 2207 814 2261 XII,
856 2212 976 2264 494)
1127 2208 1177 2252 id
1225 2210 1298 2252 est
1335 2207 1560 2264 paritaria
1598 2209 1696 2264 (sic)
1728 2223 1778 2265 9.

82 2278 164 2310 om.
207 2280 279 2322 pc.
463 2267 620 2311 omnia
665 2280 749 2312 om.
788 2281 839 2323 Ρ.
1022 2271 1048 2311 5
1093 2266 1370 2334 singillatim
1413 2282 1463 2325 9:
1508 2267 1778 2324 singulatim

82 2323 294 2381 (sigl'ati)
319 2340 396 2382 Ρο.
462 2351 467 2354 -
519 2331 543 2370 7
578 2325 804 2371 admisces
835 2339 934 2384 9Ρσ.
1070 2331 1096 2371 8
1130 2325 1274 2370 etiam
1299 2327 1348 2370 et
1368 2340 1444 2383 90:
1479 2329 1527 2371 et
1549 2340 1600 2382 Ρ.
1751 2331 1778 2370 9

80 2382 276 2439 frigabis
299 2399 351 2440 Ρ.
488 2390 542 2429 10
572 2384 808 2442 frequenti
830 2399 907 2441 Ρε.
1049 2389 1101 2427 11
1136 2386 1279 2441 caput
1307 2400 1358 2442 9.
1375 2398 1475 2429 om.
1505 2399 1577 2440 pc.
1724 2389 1777 2428 13

83 2443 326 2508 cacecticis
364 2459 415 2502 9·
463 2443 676 2488 cateticis
708 2458 766 2500 Ρ,
807 2442 1074 2489 cactecticis
1113 2458 1150 2488 c.
1304 2449 1359 2487 14
1406 2444 1690 2500 peduculosa
1734 2458 1776 2500 9.

80 2510 252 2573 pyasin
280 2531 311 2574 9
342 2517 401 2573 (ri
429 2530 577 2574 supra
606 2532 636 2575 9
637 2518 687 2572 0,)
719 2517 905 2574 ptiriasi
931 2532 988 2574 Ρ,
1019 2516 1197 2572 ptinasi
1228 2531 1263 2561 c.
1420 2522 1473 2560 15
1507 2517 1684 2561 curatio
1715 2520 1780 2560 est

81 2575 356 2633 Archiye‘nis
393 2590 468 2633 ap.
503 2575 607 2621 Gal.
640 2576 747 2631 XII,
787 2581 873 2621 463
908 2598 965 2614 =
996 2576 1125 2630 XIV,
1167 2581 1266 2620 323.
1433 2581 1485 2620 16
1526 2575 1778 2619 sandaraca

81 2648 135 2692 90
175 2637 304 2691 (—ce
337 2636 407 2692 Ρ).
588 2635 762 2678 nitrum
799 2650 829 2692 9
879 2635 1006 2691 (nitri
1037 2636 1133 2691 pc).
1317 2639 1370 2679 17
1410 2634 1523 2678 teris
1561 2647 1646 2691 9Ρο
1685 2633 1779 2690 (sed

83 2706 346 2750 pei-ungues
375 2708 419 2751 9,
452 2709 592 2751 —ges
618 2695 710 2749 Ρο).
836 2698 891 2737 18
924 2696 1162 2750 seoportet
1191 2697 1297 2738 ante
1328 2707 1443 2738 corr.
1475 2707 1516 2750 9.
1655 2692 1778 2736 salsa

85 2753 229 2808 caput
258 2752 418 2797 lavare
449 2766 485 2798 c.
611 2758 664 2796 19
697 2767 902 2809 unguere
933 2768 983 2811 9:
1017 2766 1185 2809 —gere
1209 2766 1285 2808 Ρσ.
1408 2757 1465 2796 20
1497 2751 1570 2794 Ad
1603 2751 1778 2795 fluxum

88 2810 362 2867 capillorum
383 2825 436 2868 Ρ.
619 2815 675 2854 21
710 2810 1033 2856 debilitatione
1065 2825 1100 2855 c.
