2004 3186
850 103 1206 156 -96-

185 234 235 278 et
273 241 386 277 cum
430 228 480 275 in
521 240 646 290 aqua
684 224 949 275 resolvitur
988 231 1043 275 ut
1081 225 1250 292 detur,
1297 225 1460 274 resina
1506 224 1714 274 faciente
1765 223 1873 289 glu³

184 303 401 351 tinosum
441 300 656 349 efficitur
693 305 750 348 ut
787 300 988 349 minime
1032 299 1264 350 solvatur.

335 376 377 423 si
422 388 538 423 vero
584 374 636 422 in
677 373 834 437 capite
875 374 1115 438 originem
1162 373 1406 438 passionis
1447 372 1687 437 senseriS,
1733 377 1871 420 certo

187 454 408 513 tempore
449 446 632 512 cyclico
671 445 840 512 mod0‚
887 448 1034 496 sicuti
1082 448 1312 512 superius
1358 447 1410 495 in
1458 444 1718 510 cephalaea
1762 459 1873 509 pas-

143 530 164 563 5
190 523 327 571 sione
374 521 663 586 scripsimus
671 560 686 586 ,
732 521 895 585 ipsum
942 526 1089 586 caput
1135 535 1249 570 cum
1295 521 1454 569 vicina
1504 517 1596 568 sibi
1652 516 1875 568 subiecta

188 593 472 644 membrana
511 593 708 643 curabis
747 600 797 642 et
837 592 1045 643 sanabis
1406 610 1411 617 ·

543 725 686 775 XLII.
748 725 828 775 Ad
869 726 1160 776 stomachi
1195 728 1527 792 passiones

339 828 696 879 Stomachicam
731 830 1038 894 ‘passionem
1092 835 1286 879 veteres
1341 829 1715 879 reumatismum
1777 834 1877 876 sto·-

189 903 347 952 machi
381 902 552 952 dicunt
584 904 685 951 sive
717 902 1157 970 humectationem,
1197 918 1343 968 quam
1374 902 1655 968 pladarosin
1686 906 1876 950 vocant.

124 987 166 1019 10
191 978 417 1042 sequitur
471 982 634 1025 autem
689 978 740 1025 in
793 978 1020 1041 passione
1077 979 1373 1027 constitutos
1431 978 1561 1042 iugis
1615 975 1879 1025 salivarum

191 1056 366 1115 sputus
411 1049 662 1099 fastidium
711 1057 760 1100 et
806 1052 977 1100 nausia
1023 1049 1100 1099 vel
1146 1052 1424 1118 reiectatio,
1469 1051 1683 1100 vomitus
1731 1050 1879 1098 etiam

190 1124 479 1188 frequenter
503 1123 763 1188 aliquando
795 1120 948 1173 felliti‘
969 1123 1229 1189 aliquando
1253 1124 1530 1191 flegmatici,
1555 1123 1879 1173 articulorum

189 1197 471 1262 perfrictio,
517 1196 690 1262 pulsus
730 1199 964 1265 parvitas,
1012 1213 1159 1264 quam
1198 1199 1546 1264 microsfyxian
1584 1203 1782 1262 vocant,
1830 1202 1880 1245 et

192 1272 322 1320 circa
362 1272 646 1336 superiores
685 1271 901 1321 thoracis
940 1279 1106 1337 partes
1147 1271 1342 1322 sudoris
1383 1273 1596 1322 emissio,

126 1353 168 1386 15
339 1346 390 1393 in
446 1344 784 1408 curationibus
838 1353 1003 1394 autem
1057 1352 1254 1411 oportet
1300 1345 1533 1395 adhibere
1586 1344 1880 1411 cataplasma

193 1417 324 1482 quod
363 1417 608 1483 appellant
646 1417 725 1467 dia
755 1425 811 1468 tu
843 1418 1090 1469 absinthiu
1124 1419 1183 1468 ad
1216 1419 1517 1469 debilitatem
1549 1426 1599 1469 et
1627 1419 1880 1469 humecta-

190 1492 378 1541 tionem
410 1499 459 1540 et
491 1492 742 1541 fastidium
775 1493 1027 1542 stomachi.
1090 1495 1267 1558 recipit
1298 1500 1463 1543 autem
1497 1508 1672 1543 carnes
1707 1499 1880 1542 tunsas

191 1564 721 1629 palmarumrnumero
760 1565 978 1632 XXXVI,
1025 1566 1073 1616 id
1115 1574 1190 1616 est
1235 1568 1286 1616 in
1326 1582 1424 1617 una
1470 1566 1548 1616 die
1587 1566 1700 1630 XII,
1749 1566 1881 1615 aloes

193 1639 431 1705 epaticeS‚
488 1638 722 1688 absinthii
774 1641 988 1706 pontici,
1045 1642 1297 1707 masticeS‚
1351 1642 1571 1691 omnium
1624 1643 1779 1690 trium
1825 1651 1881 1689 ÷

42 1721 170 1759 22-194
194 1711 410 1777 singulas
463 1714 632 1779 semiS,
678 1712 876 1777 pollinis
922 1714 1149 1778 polentae
1183 1715 1191 1778 Ι
1225 1721 1392 1779 partes
1439 1722 1543 1764 tres
1583 1721 1634 1764 et
1678 1714 1767 1763 lini
1806 1729 1881 1763 se·

315 1873 340 1913 2
382 1869 443 1913 ad
489 1869 687 1913 efficitur
731 1870 839 1915 haec
886 1871 1079 1915 adnotat
1109 1875 1168 1927 ΡΟ
1204 1872 1390 1929 (marg.)
1432 1871 1470 1915 si
1509 1871 1592 1915 fiat
1630 1871 1883 1916 secundum

196 1926 398 1984 primum
428 1927 631 1972 modum.
754 1934 782 1973 4
813 1928 974 1974 ciclico
1005 1943 1035 1988 9
1067 1929 1251 1986 (ciclino
1275 1944 1327 1987 p,
1366 1931 1413 1974 et
1444 1932 1571 1975 certo
1604 1933 1657 1987 c).
1781 1943 1883 1975 eae-

196 1985 370 2042 phalea
399 1999 441 2042 9.
565 1991 589 2030 7
621 1986 694 2031 Ad
725 1988 956 2032 stomachi
987 1988 1124 2045 (-ei)
1155 1989 1394 2046 passiones
1431 2003 1456 2034 c
1487 1993 1528 2033 et
1557 1990 1655 2034 ind.
1688 2003 1764 2046 cp:
1811 1988 1883 2033 Ad

195 2044 304 2088 illos
329 2045 410 2100 qui
432 2045 675 2101 patiuntur
696 2045 939 2090 fastidium
963 2049 1012 2091 et
1034 2047 1246 2092 nausiam
1263 2061 1315 2104 p.
1429 2052 1455 2092 8
1483 2048 1788 2093 Stomaticam
1813 2061 1884 2104 cp.

198 2107 224 2147 9
256 2103 516 2159 plata(—to
540 2104 708 2160 c)rosin
739 2118 806 2161 ep.
989 2111 1043 2149 11
1082 2106 1324 2151 reiectatio
1361 2121 1411 2163 9,
1451 2107 1695 2152 reiaetatio
1734 2122 1758 2152 c
1798 2109 1886 2163 (re-

194 2162 320 2206 lacto
345 2163 417 2219 Ρ).
552 2168 605 2207 12
638 2163 779 2208 felliti
810 2168 888 2209 etc.
920 2165 986 2209 sic
1015 2178 1114 2222 9010·
1239 2171 1292 2210 13
1325 2165 1599 2223 perfrigatio
1623 2180 1673 2222 p.
1796 2165 1885 2211 mi—

197 2221 441 2266 crosfixian
466 2223 605 2278 (-1a)
628 2236 702 2280 912,
726 2223 987 2268 microsfian
1013 2237 1050 2267 c.
1173 2228 1229 2268 14
1251 2224 1460 2269 remissio
1490 2238 1525 2269 c.
1650 2229 1704 2269 16
1738 2225 1883 2269 diatu.

197 2279 422 2324 absentia.
455 2294 505 2338 9,
538 2281 670 2325 diatu
701 2281 910 2326 absinthi
943 2296 979 2338 c,
1015 2281 1146 2327 diatfi
1178 2283 1387 2327 absithisi
1414 2297 1461 2338 p.
1615 2288 1669 2328 17
1703 2285 1746 2337 Bc
1777 2285 1879 2340 (om.

197 2340 371 2396 antem)
403 2353 472 2396 cp.
626 2344 679 2383 18
711 2355 901 2386 numero
946 2354 1029 2385 om.
1054 2355 1104 2398 p.
1255 2342 1449 2387 XXXVI
1480 2356 1555 2399 cp:
1596 2355 1679 2387 om.
1711 2344 1887 2396 (album

196 2421 252 2429 —
283 2399 381 2442 sine
410 2412 502 2443 ras.
537 2425 590 2430 —
624 2400 677 2443 in
707 2401 824 2456 cod.)
851 2414 894 2456 9.
1060 2401 1108 2444 id
1141 2426 1196 2432 ——
1228 2400 1314 2445 XII
1353 2414 1436 2447 om.
1469 2415 1504 2446 c.
1654 2401 1704 2445 id
1736 2403 1809 2446 est
1837 2402 1886 2446 in

197 2469 280 2502 om.
305 2471 343 2513 p
376 2458 476 2514 (ubi
506 2472 598 2502 una
627 2458 703 2502 die
734 2458 818 2518 <id
850 2460 922 2504 est
952 2460 1058 2505 add.
1083 2460 1234 2518 coma>
1266 2460 1388 2517 XII).
1510 2461 1647 2505 aloen
1677 2461 1886 2517 epafflten

195 2528 262 2571 9ο,
290 2516 394 2560 aloe
419 2530 519 2573 epa.
547 2518 646 2574 (sic)
670 2531 721 2573 p.
847 2523 899 2562 19
926 2517 1131 2575 epatices
1163 2519 1463 2590 (hepaticae):
1497 2520 1555 2574 cf.
1579 2520 1734 2565 Diosc.
1762 2525 1803 2575 3,
1829 2524 1884 2563 22

197 2571 356 2618 διττὸν
381 2573 434 2619 δέ
455 2572 551 2620 ἐστι
575 2573 626 2620 τὸ
648 2574 773 2627 εἶδος
788 2577 871 2621 τοῦ
897 2579 1186 2634 χυλίσματος,
1211 2594 1263 2622 το
1290 2576 1450 2635 μέντοι
1469 2579 1730 2636 ψαμμῶὃες
1748 2614 1756 2622 .
1772 2613 1781 2622 .
1805 2611 1814 2621 .
1831 2576 1883 2622 τὸ

197 2633 250 2677 δὲ
283 2629 527 2689 ἡπατίζον.
650 2635 864 2680 absentifi
895 2636 1087 2692 pontici]
1117 2650 1147 2693 9
1154 2670 1168 2691 ‚
1200 2637 1390 2682 absintii
1422 2640 1481 2694 (c,
1511 2637 1660 2681 -thii
1683 2639 1737 2693 p)
1770 2651 1884 2694 pon—

196 2691 280 2736 tici
311 2706 379 2749 cp.
500 2694 695 2739 mastice
726 2708 769 2750 9,
803 2695 926 2739 —cis
958 2710 1001 2749 c,
1035 2697 1119 2739 -ὂ
1139 2709 1189 2752 p.
1311 2697 1520 2742 omnium
1552 2722 1607 2728 ——
1640 2696 1778 2739 semis
1809 2710 1883 2752 90:

197 2754 270 2794 afi.
303 2753 348 2806 -;-
377 2752 411 2797 Ι.
447 2751 476 2796 S
502 2766 551 2808 p.
705 2756 782 2797 *Σάι
816 2756 888 2799 est
919 2757 1018 2811 (pro
1052 2756 1125 2810 ἢν)
1157 2769 1205 2812 9,
1242 2754 1281 2810 ²,-
1314 2770 1350 2800 c.
1500 2759 1556 2799 20
1588 2754 1808 2812 pulentae
1839 2769 1881 2812 9.

196 2812 310 2854 tres:
343 2810 423 2855 III.
456 2825 523 2867 cp.
