2004 3186
762 120 1163 172 —197—

120 223 447 299 ἆναδρρμὴε
482 232 690 276 matricis
729 232 915 278 adscen-

153 304 255 334 sum
286 304 384 335 sive
407 305 656 347 supernum
678 304 917 336 recursum

150 362 291 405 quem
322 349 487 394 Graeci
522 349 809 394 anadromen
847 351 916 395 di-

149 409 261 452 cunt
285 413 309 452 7
316 413 339 452 7
358 407 496 463 (Cael.
513 410 632 454 Awr.
650 409 741 453 chr.
766 413 810 465 4,
829 414 914 454 109

148 481 255 511 cum
294 480 489 511 ascensu
526 467 733 511 matricis
777 482 916 524 quem

146 524 314 570 Graeci
343 527 627 571 anadromeu
657 528 862 583 vocant).

71 620 74 624 ·
118 590 601 645 ἄναπνευστικόντ
637 614 692 644 ex
721 601 917 658 respira-

145 657 287 702 torio·
315 658 661 704 interaneorum
708 661 916 705 membro

118 739 122 743 ,
145 717 273 773 quod
327 717 493 762 Graeci
553 719 917 775 anapneusticon

144 775 327 821 morion
356 778 530 822 vocant
557 791 588 835 9
618 782 690 823 39.

116 840 539 905 ἀναστόμωσιςτ
583 851 917 896 osculationem

145 922 287 964 quam
363 909 530 954 Graeci
597 912 913 956 anastomosin

145 968 372 1022 (—masin
408 982 517 1025 9012,
555 974 608 1013 ut
656 974 698 1014 et
735 969 911 1027 Simon)

143 1030 331 1083 vocant,
349 1027 580 1083 siquidem
597 1028 912 1085 perforatione

143 1085 272 1130 facta
310 1086 458 1131 veluti
497 1101 553 1131 ex
592 1087 767 1132 orificio
808 1102 911 1132 san-

142 1145 334 1201 guinem
373 1145 594 1190 emittant
633 1147 815 1203 (venae)
854 1152 911 1191 39

143 1205 219 1259 (=
238 1204 357 1249 Cael.
375 1205 493 1249 Aur.
512 1206 602 1249 chr.
618 1210 661 1260 2,
682 1207 763 1249 121
783 1219 912 1251 oscu-

142 1262 331 1307 lationis
349 1275 490 1319 quam
506 1263 582 1309 Gr.
597 1265 913 1309 anastomosin

142 1323 343 1377 vocant).
405 1324 553 1368 eodem
583 1324 800 1368 vocabulo
832 1325 912 1368 lat.

142 1381 391 1426 utebantur
435 1386 517 1427 vet.
567 1381 734 1426 Galerii
774 1383 911 1427 inter-

135 1443 303 1495 pretes,
322 1441 444 1485 unde
456 1442 591 1485 etiam
607 1454 734 1485 nunc
749 1441 914 1498 le9itur

142 1499 271 1554 apud
300 1498 460 1544 Kalhu.
502 1500 627 1555 VII,
657 1503 756 1546 232
788 1505 866 1544 etc.

115 1563 435 1631 ἀνατροπῆς
460 1574 514 1617 ut
532 1586 666 1617 renes
688 1573 912 1630 patientis

146 1644 328 1674 sursum
345 1631 596 1688 erigantur,
614 1632 738 1688 quod
748 1631 913 1678 Graeci

145 1691 405 1747 anatropen
435 1690 599 1735 dicunt
628 1694 699 1736 82.

112 1757 396 1817 ἁνετικόςε
443 1763 492 1807 in
537 1763 691 1821 prima
727 1764 913 1810 anetica

144 1821 219 1865 die
251 1821 300 1866 id
329 1825 401 1867 est
431 1821 695 1868 dimissoria
718 1828 788 1869 57.
837 1823 911 1869 die

142 1880 328 1925 anetica
362 1886 432 1926 58.

112 1931 444 1997 ἆνθερεώνε
487 1941 687 1997 gutturis
728 1942 911 1998 partem

143 1998 230 2042 sub
260 2000 419 2044 mento
463 2013 603 2056 quam
634 1999 799 2045 Graeci
830 2014 912 2045 an-

141 2058 335 2102 tereona.
379 2059 551 2103 vocant
595 2072 625 2116 9
676 2064 747 2103 33.
826 2059 912 2104 sub

141 2117 351 2161 mentum
374 2117 580 2174 gutturis
611 2121 768 2175 partes
799 2131 912 2174 quas

142 2173 219 2219 Gr.
259 2177 474 2234 ante(the
497 2177 696 2233 p)reona
740 2182 914 2222 vocant

141 2247 171 2290 9
202 2238 272 2279 34.
307 2240 377 2279 37.
426 2236 511 2280 sub
538 2237 699 2280 mento
728 2235 778 2280 in
809 2237 911 2293 gut-

141 2293 260 2338 turis
268 2295 404 2350 parte
423 2329 432 2339 .
453 2331 462 2340 .
483 2329 494 2339 .
511 2308 651 2349 quam
662 2296 914 2340 antereona

141 2354 314 2396 vocant
340 2366 371 2409 9
405 2358 461 2397 35
494 2352 634 2410 (Cael.
664 2354 785 2398 Aur.
818 2354 910 2399 chr.

141 2413 198 2464 2,
244 2415 339 2456 102
394 2411 598 2468 gutturis
650 2411 911 2457 summitati

143 2483 283 2524 quam
316 2469 482 2515 Graeci
512 2471 799 2516 anthereona
828 2485 911 2516 vo-

147 2531 266 2573 cant.
300 2529 363 2573 id.
382 2534 424 2586 2,
443 2534 542 2574 116.
590 2530 648 2586 cf.
672 2544 745 2575 ox.
772 2535 814 2587 3,
839 2535 910 2576 20.

115 2641 374 2704 α’νθηράῑ
407 2646 634 2692 confectio
665 2648 861 2692 anthera
884 2661 914 2691 a

141 2704 332 2750 Graecis
364 2705 606 2762 appellata
632 2719 662 2763 9
685 2711 742 2750 35
773 2708 912 2762 (quae

142 2764 355 2809 omnibus
386 2766 501 2808 nota
532 2767 602 2809 est
636 2765 721 2809 Th.
749 2765 831 2810 Pr.
855 2778 907 2821 p.

146 2828 223 2867 160
253 2824 366 2879 Ar9.
422 2823 479 2877 cf.
508 2823 616 2868 Cels.
643 2829 686 2879 6,
721 2825 810 2879 11).
872 2823 913 2867 si

1037 235 1085 301 et
1101 235 1235 291 ant(h
1258 236 1513 295 cp)era<n>
1533 252 1637 282 cum
1660 240 1797 284 melle

1035 293 1220 338 mlinies
1253 308 1283 351 9
1313 299 1383 339 36.

1006 343 1260 410 ἄνθραξ,
1306 346 1658 413 ἄνθράκιοντ
1704 371 1799 401 car-

1035 410 1228 455 bunculi
1246 425 1362 467 quos
1379 411 1543 457 Graeci
1558 415 1799 460 antraches

1036 471 1209 515 vocant
1253 484 1283 528 9
1328 475 1384 514 22
1429 472 1495 528 (in
1535 472 1688 517 medio
1713 507 1723 518 .
1750 508 1760 519 .
1786 507 1798 518 .

1035 528 1160 585 nigri
1175 529 1229 572 ut
1249 530 1471 575 carbones
1485 531 1545 575 ib.
1566 556 1619 563 —
1638 532 1800 576 rustici

1034 587 1260 644 pustellas
1327 589 1476 634 malas
1543 591 1798 647 appellant,

1039 645 1164 692 Orib.
1210 647 1398 703 interpr.
1443 649 1520 693 lat.
1562 662 1675 693 saec.
1725 649 1803 693 VI

1034 706 1100 749 in.
1122 704 1203 761 VI,
1227 710 1311 750 143
1333 706 1486 763 Dar.).
1502 732 1559 739 —
1577 709 1626 751 et
1641 708 1799 764 appel-

1035 764 1161 807 latur
1215 778 1245 808 a
1290 763 1477 810 Graecis
1526 766 1800 810 antrachion

1037 822 1264 880 singulari
1301 837 1470 880 genere
1511 824 1799 870 nominatum

1035 882 1096 926 ib.

1002 931 1225 994 ἀντιάςτ
1279 940 1341 984 ad
1393 941 1666 999 digerendos
1724 943 1798 986 tu-

1032 1013 1185 1044 mores
1208 1000 1257 1044 et
1270 1000 1638 1056 praefocationes
1650 1001 1798 1045 antia-

1033 1058 1142 1102 dum
1170 1063 1226 1102 35
1254 1058 1384 1115 (Sim.
1409 1072 1445 1103 8.
1471 1059 1635 1104 antias.
1682 1059 1799 1103 Pau-

1031 1117 1103 1161 lus
1121 1118 1250 1173 „est“
1274 1116 1430 1174 inquit
1454 1119 1639 1173 „tumor
1655 1118 1796 1162 durus

1030 1175 1350 1233 paristmion“.
1388 1177 1445 1231 cf.
1473 1175 1582 1222 Cels.
1609 1182 1650 1232 7,
1675 1181 1745 1232 12,
1770 1182 1796 1221 2

1031 1234 1246 1279 tonsillas
1303 1236 1462 1280 autem
1519 1249 1639 1291 quae
1690 1237 1800 1292 post

1031 1293 1423 1338 inflammationes
1478 1293 1798 1349 induruerunt,

1033 1347 1255 1402 ἀντιάδες
1315 1353 1475 1396 autem
1528 1366 1557 1396 a
1611 1351 1797 1397 Graecis

1003 1411 1364 1523 ffffirlffssgffii
1401 1469 1717 1515 flebotomiam
1748 1469 1798 1537 13¹

1031 1527 1224 1573 brachio
1252 1529 1474 1573 adhibere
1504 1528 1629 1585 quod
1657 1528 1799 1573 fuerit

1031 1586 1232 1644 patienti
1299 1587 1426 1644 parti
1499 1587 1796 1643 contrarium,

1032 1645 1158 1702 quod
1211 1645 1469 1702 antispasin
1519 1647 1688 1690 vocant
1739 1650 1797 1689 54

1032 1704 1154 1760 (Gal.
1186 1704 1273 1761 XI,
1307 1710 1375 1750 91.
1416 1730 1471 1736 —-
1509 1704 1567 1758 cf.
1600 1704 1731 1760 infra
1760 1717 1795 1748 s.

1032 1764 1242 1819 catiaein).

1001 1814 1330 1867 ἀνώδυνοντ
1368 1821 1427 1866 ad
1457 1821 1686 1866 stomachi
1716 1822 1796 1866 do-

1029 1881 1178 1925 lorem
1230 1880 1544 1938 mitigandum
1596 1879 1796 1925 medica-

1030 1941 1240 1984 mentum
1256 1939 1545 1996 appellatum
1566 1953 1596 1983 a
1611 1939 1797 1984 Graecis

1032 1998 1264 2043 anodinon
1297 2003 1366 2042 42.
1422 2011 1585 2042 enema
1615 1997 1797 2043 colicon

1032 2057 1266 2102 anodinon
1295 2057 1345 2101 id
1378 2058 1448 2102 est
1478 2057 1685 2101 dolorem
1716 2056 1796 2100 de-

1030 2117 1220 2161 trahens
1260 2120 1316 2160 51
1358 2116 1496 2172 (quod
1533 2115 1678 2160 habet
1705 2114 1796 2159 vir·

1031 2176 1180 2220 tutem
1204 2175 1428 2219 tollendi.
1449 2209 1459 2219 .
1479 2209 1487 2218 .
1506 2174 1712 2218 dolorem
1740 2179 1794 2217 66

1030 2235 1122 2279 vid.
1155 2247 1188 2278 s.
1223 2229 1519 2290 ὑπνοποιόν).
1572 2232 1797 2277 trociscus

1029 2292 1298 2337 iniectorius
1359 2291 1586 2336 anodinus
1639 2290 1795 2335 colicis

1032 2351 1308 2397 conveniens
1322 2351 1383 2395 ib.
1420 2352 1477 2405 cf.
1496 2349 1648 2394 Celsus
1663 2354 1706 2403 5,
1723 2353 1793 2403 25,

1033 2417 1055 2454 1
1076 2406 1300 2454 ἀνώδυνα
1313 2411 1483 2454 vocant
1498 2421 1616 2464 quae
1633 2420 1794 2452 somno

1031 2470 1241 2514 dolorem
1263 2468 1435 2513 levant.
1491 2467 1609 2511 Cael.
1635 2467 1726 2511 chr.
1751 2469 1793 2520 4,

1031 2533 1091 2574 '79
1130 2542 1214 2572 nos
1251 2526 1482 2571 indoloria
1519 2526 1670 2569 dicere
1712 2537 1794 2580 po-

1021 2587 1224 2656 ‚terimus
1255 2589 1316 2653 (θ’.
1518 2642 1527 2650 Ι

1002 2656 1397 2749 Ὑὲἕέἒὲῗὲῗῖὲῂ
1413 2645 1514 2758 {31⁰
1515 2653 1794 2743 '23321133’11

1030 2763 1220 2820 potione
1270 2762 1407 2805 datus
1453 2757 1676 2803 servando
1721 2771 1793 2800 su-

1035 2822 1240 2879 periores
1270 2818 1443 2865 ventris
1474 2819 1522 2862 et
1550 2815 1791 2860 intestino-
