2004 3186
742 152 1147 205 -227—

126 268 278 325 pletos
303 273 382 326 42,
413 269 496 313 ubi
518 268 896 324 cataplasmatio—

126 327 199 370 nis
230 339 254 371 6
285 331 336 371 ut
365 340 508 384 supra
537 327 702 372 ibidem
725 330 813 382 ΡΟ),

96 386 358 430 catanus:
391 387 479 431 abl.
515 386 695 431 catarro
728 390 796 430 37.

96 444 290 488 cattusz
324 445 440 489 catti
470 446 535 502 (9,
568 443 670 502 gati
700 457 736 500 6,
772 445 897 501 gatti

119 508 197 558 ρο,
243 503 341 547 ital.
384 505 541 561 gatto,
583 504 734 560 gatta)
778 505 894 548 ster-

128 561 248 605 coris
280 566 321 605 5.

97 619 379 665 cauliculus
419 622 494 676 (=
533 621 782 677 brassica):
830 622 895 666 sie

126 692 182 735 cp
221 680 309 734 (43.
345 685 413 723 52.
450 685 518 724 72.
581 681 686 724 item
719 682 772 724 in
801 693 893 725 ras.

123 742 174 794 90
208 740 250 794 1)
289 739 371 783 ubi
408 738 630 783 coliculus
645 753 697 807 9
729 741 786 795 (1.
823 744 893 783 24.

124 798 212 853 33).
262 797 451 842 coliculi
482 818 538 834 =
569 792 777 864 κράμβαι
800 798 893 842 Ed.

122 855 275 899 Diocl.
351 856 409 911 cf.
473 856 594 901 Cael.
652 856 894 913 (coliculus

125 914 325 1018 ῗῆζ68118
344 916 502 1018 (ἔφηᾶ,
523 920 619 960 143.
646 920 687 971 5,
708 920 763 959 10
780 917 895 972 etc.,)

189 987 242 1016 m
286 988 353 1017 me

94 1042 247 1076 causa
270 1028 316 1089 (ἡ
338 1029 633 1089 ἐργασαμένη
657 1030 710 1077 τὸ
737 1030 895 1084 πάθος

125 1088 255 1134 αἰτία
310 1112 367 1128 =
413 1093 636 1148 morbus):
688 1092 895 1136 omnium

124 1162 369 1194 causarum
422 1151 648 1208 dogmata
690 1152 789 1207 prs.
838 1177 893 1184 —

123 1207 184 1251 ad
227 1222 389 1254 causas
437 1209 774 1266 suprascriptas
820 1214 892 1255 42.

122 1266 238 1311 facit
267 1268 328 1312 ad
358 1268 599 1313 universas
626 1269 894 1314 melancoli-

125 1339 203 1369 cas
228 1340 390 1371 causas
416 1333 486 1372 73.
520 1353 576 1359 —-
607 1327 674 1372 fel
699 1328 894 1372 rubeum

123 1397 181 1428 ex
211 1399 302 1440 quo
334 1400 475 1430 causa
504 1388 717 1431 movetur
747 1391 818 1430 57.

93 1444 320 1490 causatio
352 1446 427 1500 (=
450 1444 655 1502 vexatio)
686 1445 894 1489 nervosi-

121 1501 234 1546 tatis
269 1509 307 1547 1.
339 1503 638 1548 ulcerationis
670 1518 707 1548 c.
742 1509 811 1548 21.
844 1504 894 1548 111

122 1561 282 1629 splene
305 1563 373 1606 vel
390 1563 563 1619 splenis
579 1567 652 1609 43.
682 1563 734 1607 111
755 1565 892 1620 epate

122 1623 194 1664 44.
242 1621 292 1664 in
314 1622 530 1666 vertebro
559 1626 628 1666 53.
678 1621 893 1679 dysuriae

122 1682 195 1722 46.
241 1677 569 1724 intestinorum
599 1684 669 1724 48.
721 1681 893 1737 pedum

122 1750 370 1782 nervorum
395 1743 466 1783 52.
514 1739 744 1784 stomachi
772 1753 892 1784 mor-

125 1810 201 1840 sus
251 1802 320 1842 72.
382 1797 626 1855 podagrici
669 1798 719 1842 in
762 1811 893 1843 crure

124 1855 275 1899 solum
292 1857 610 1902 causationem
625 1857 804 1902 habent
820 1861 892 1901 52.

124 1915 196 1957 est
246 1915 465 1971 paralisis
526 1916 734 1961 causatio
789 1931 890 1961 ner-

122 1985 286 2017 vorum
319 1979 387 2019 54.
441 1989 497 2019 ex
529 1989 622 2031 quo
652 1975 894 2031 praefoca—

122 2031 265 2076 tionis
313 2033 522 2078 causatio
570 2034 771 2078 efficitur
822 2039 891 2080 65.

124 2093 196 2133 est
235 2093 394 2135 autem
427 2127 436 2136 .
463 2129 471 2137 .
499 2092 757 2150 pleuritis
790 2107 894 2138 cau-

124 2149 245 2194 satio
283 2151 332 2194 in
363 2164 456 2196 una
493 2154 626 2208 parte
661 2152 894 2209 pulmonis

124 2213 193 2252 66.
257 2209 629 2266 peripleumonia
673 2225 784 2256 vero
824 2213 893 2256 est

125 2268 332 2313 causatio
364 2269 414 2313 in
442 2271 543 2314 toto
567 2270 788 2327 pulmone
821 2276 891 2315 66.

123 2327 196 2370 est
232 2341 433 2384 namque
480 2329 640 2386 (lyssa)
683 2331 892 2374 causatio

122 2385 171 2427 in
208 2387 451 2431 stomacho
484 2423 492 2431 .
529 2423 538 2432 .
574 2422 583 2431 .
617 2401 674 2431 ex
713 2402 892 2434 veneno

124 2444 251 2487 canis
284 2447 510 2502 concepta
541 2452 609 2491 67.

95 2502 295 2548 canter.
326 2506 508 2548 cautere
535 2506 703 2549 vulnus
737 2505 894 2550 inures

125 2566 195 2605 67.
251 2563 450 2607 canteris
491 2564 618 2608 acuti
649 2563 793 2608 calidi
825 2569 894 2609 22.

125 2622 183 2675 cf.
217 2623 444 2681 (cauteres
474 2621 614 2679 igniti
644 2625 740 2680 etc.)
774 2623 892 2670 Cael.

125 2680 264 2734 (mode
295 2680 552 2726 cauteriare
586 2682 774 2739 Quich.)

95 2748 396 2784 cavernarc.
465 2741 519 2784 ut
586 2741 728 2785 etiam
802 2742 895 2800 ipsi

126 2797 286 2902 ((Ῑῗηῗθει
342 2801 647 2844 cavernentur
694 2805 764 2844 32.
835 2801 893 2856 cf.

166 2871 218 2902 ae
239 2891 249 2901 .

986 267 1286 313 cavernulae
1319 272 1388 312 20.
1423 271 1492 312 48.

986 326 1157 372 cedria
1188 331 1258 371 51.
1314 340 1428 371 corr.
1461 340 1516 383 ep

1016 385 1237 430 cedrinon
1267 384 1389 431 med.
1421 386 1516 442 ib).

988 444 1275 489 centauria:
1307 445 1375 489 sie
1397 457 1427 501 9
1451 450 1473 488 1
1502 448 1571 499 (ut
1594 459 1617 489 6
1647 451 1683 490 1.
1713 450 1783 489 21.

1013 507 1085 548 44.
1126 506 1224 558 53),
1262 504 1340 548 sed
1372 506 1622 548 centaurea
1651 518 1681 561 9
1712 509 1783 548 21.

1015 567 1071 606 29
1105 563 1173 619 (ut
1203 575 1227 606 6
1258 566 1327 607 28.
1362 567 1417 606 29
1450 567 1492 607 et
1520 576 1690 619 semper
1712 566 1782 620 p).

1015 622 1071 675 cf.
1106 622 1403 665 centaureum
1446 623 1462 676 (
1462 623 1588 678 plur.
1630 621 1786 666 tristia

1015 682 1266 724 centaurea
1295 680 1476 725 Lucret.
1516 685 1697 736 4,125
1729 702 1785 718 --

1013 752 1156 796 grave
1174 738 1351 783 olentia
1373 741 1621 784 centaurea
1654 740 1784 796 Ver9.

1012 810 1160 854 9eor9.
1176 802 1241 867 4,
1278 802 1376 842 270.
1439 798 1567 844 Plin.
1599 800 1695 855 etc.)
1729 820 1785 835 =

1014 833 1294 911 κενταύριον
1341 856 1519 915 Gar9il.
1569 861 1652 914 18,
1697 870 1785 902 rec.

1014 915 1256 959 centauria
1303 917 1476 973 (—rea)
1517 917 1614 962 ind.
1657 917 1785 961 Ptin.

1014 975 1123 1018 med.
1175 975 1294 1019 Isid.
1326 978 1400 1028 17,
1433 979 1478 1029 9,
1510 979 1583 1021 33.

985 1032 1137 1077 cerda
1153 1034 1235 1089 (‘?)·
1253 1033 1435 1122 radices
1453 1034 1617 1079 cerdae
1642 1035 1785 1092 (certe

1558 331 1614 371 43
1647 327 1786 382 (unde

1015 1135 1058 1176 6,
1100 1090 1182 1165 cde
1206 1135 1265 1177 p,
1305 1123 1418 1166 cede
1451 1123 1526 1178 100)
1566 1135 1686 1178 quae
1718 1122 1784 1167 la

1013 1180 1146 1224 tioris
1186 1180 1302 1225 folia
1334 1180 1540 1226 ostendit
1570 1182 1675 1225 ruta
1707 1181 1784 1225 811-

1012 1239 1179 1283 vestris
1194 1232 1280 1283 68.

984 1298 1315 1343 ceromaticae
1349 1298 1621 1342 fricationes
1653 1302 1723 1343 55.

985 1371 1292 1416 cerotarium
1322 1385 1477 1415 rasum
1507 1376 1579 1415 48.
1614 1377 1682 1417 74.

985 1444 1227 1490 cervicali
1258 1444 1518 1501 (supposito
1555 1446 1783 1502 clunibus)

984 1563 1182 1608 cervisa
1210 1576 1333 1607 nova
1365 1567 1419 1607 72
1452 1564 1576 1619 (app.
1609 1564 1666 1617 6).

984 1621 1262 1667 cesisboum
1311 1619 1453 1678 (χὲσις
1503 1621 1656 1679 43οῶνὶ>
1723 1622 1782 1677 cf.

1015 1681 1187 1725 Matth.
1235 1680 1348 1725 Silo.
1387 1694 1422 1726 s.
1471 1681 1614 1724 cesim
1660 1684 1702 1724 et
1746 1693 1781 1725 s.

1014 1739 1191 1784 chesim
1206 1738 1236 1783 i.
1254 1739 1418 1796 planta
1441 1739 1606 1783 similis
1621 1739 1783 1794 ferule,

1014 1812 1171 1843 semen
1208 1798 1384 1842 habens
1427 1798 1588 1843 album
1632 1797 1783 1843 simile

1012 1857 1247 1902 lenticule.
1281 1882 1336 1889 -
1368 1857 1431 1902 id.
1462 1870 1497 1901 s.
1531 1856 1711 1901 chesice
1752 1857 1783 1904 i.

1014 1916 1222 1973 orobus):
1248 1915 1373 1972 quod
1397 1930 1436 1960 c.
1461 1916 1619 1972 (cessis
1641 1916 1785 1960 boum

1014 1989 1057 2031 6,
1114 1975 1228 2020 66818
1283 1974 1424 2020 bovifi
1462 1989 1500 2031 p
1555 1980 1596 2020 et
1649 1979 1785 2019 antea

1011 2035 1148 2093 9enit.
1175 2034 1313 2079 cessis
1334 2034 1416 2078 boi
1432 2047 1470 2088 6,
1502 2034 1617 2078 66818
1641 2033 1786 2078 boinu

1006 2095 1061 2150 10)
1078 2093 1224 2137 habet
1245 2093 1362 2137 folia
1386 2092 1559 2137 similia
1581 2093 1784 2138 feniculo

984 2211 1047 2256 ch
1070 2212 1123 2256 in
1144 2212 1319 2268 9raecis
1343 2211 1512 2256 codicis
1534 2224 1563 2268 9
1583 2211 1783 2267 plerum-

1013 2284 1098 2328 que
1127 2271 1221 2316 solo
1245 2284 1270 2314 c
1300 2270 1519 2315 scribitur
1550 2270 1620 2325 (ut
1650 2271 1671 2313 t
1694 2282 1785 2326 pro

1014 2330 1083 2385 th,
1115 2345 1146 2386 p
1170 2342 1262 2385 pro
1285 2329 1373 2386 ph,
1405 2345 1428 2372 r
1450 2341 1542 2386 pro
1564 2329 1620 2372 rh
1644 2353 1700 2360 —
1726 2328 1784 2382 ef.

1014 2387 1318 2433 catecuminis
1356 2389 1410 2432 in
1455 2391 1618 2433 aerest
1660 2386 1785 2431 Com-

1013 2448 1220 2493 modiani
1242 2448 1372 2492 instr
1391 2452 1440 2501 2,
1465 2447 1528 2501 5),
1553 2446 1630 2490 sed
1653 2446 1784 2490 chro-

1013 2507 1115 2551 nias
1157 2511 1194 2550 1.
1241 2511 1318 2563 33,
1364 2505 1571 2549 amichas
1619 2509 1644 2548 5
1692 2505 1786 2560 (sed

1015 2565 1189 2611 amicas
1223 2570 1291 2610 18.
1326 2567 1421 2621 24),
1458 2563 1674 2608 chimona
1713 2568 1784 2619 10,

1014 2625 1223 2669 lichenas
1284 2628 1325 2668 et
1395 2622 1650 2667 lichenicos
1714 2627 1784 2677 11,

1015 2682 1252 2740 chirurgia
1295 2687 1363 2728 18.
1405 2687 1476 2726 26.
1516 2687 1595 2737 35,
1636 2680 1786 2725 chira·

1015 2743 1099 2787 das
1174 2747 1230 2786 26
1309 2739 1620 2798 (chyromilon
1692 2741 1784 2796 40),

1016 2802 1306 2846 characteres
1335 2806 1403 2856 13,
1435 2798 1690 2844 rizonichia
1715 2803 1784 2854 13,

1015 2859 1244 2905 chemosis
1299 2864 1377 2917 29,
1441 2860 1660 2903 schemon
1714 2863 1784 2912 38,

1430 2932 1519 2977 15*
