2004 3186
801 85 1200 138 -135—

158 205 423 269 clysterem
460 205 759 253 retinuerint
797 212 1129 271 aegrotanteS,
1180 206 1325 256 simul
1364 214 1414 257 et
1451 210 1638 257 ventris
1678 210 1836 259 officio

158 284 358 344 negat0‚
405 283 602 343 oportet
649 292 709 326 ex
755 277 969 327 folliculo
1017 281 1195 328 aerarii
1233 295 1402 329 curam
1449 280 1701 347 adhibere,
1741 298 1837 347 quo

157 353 315 416 possit
347 366 496 416 supra
528 356 797 400 memorata
827 352 1178 402 intestinorum
1210 353 1443 403 verticula
1469 356 1569 403 sive
1601 355 1837 405 involutio

156 431 360 489 accepto
393 431 538 474 vento
571 424 812 488 replicari.
876 431 924 474 et
954 425 1009 474 fit
1049 426 1143 475 hoc
1175 426 1334 475 modo.
1396 429 1626 477 intestina
1657 428 1839 478 bubula

157 513 390 547 mensura
429 497 584 547 cubiti
622 499 771 547 unius
810 497 982 547 tubulo
1031 499 1234 549 folliculi
1274 499 1534 564 diligenter
1572 508 1737 566 sparto
1778 501 1836 551 ab
1862 512 1882 544 5

157 587 254 621 una
292 578 432 636 parte
471 570 658 635 ligabis
725 570 950 621 similiter
988 574 1170 622 iterum
1209 572 1410 622 alteram
1449 580 1641 639 partem
1683 576 1837 640 ipsius

154 647 378 695 intestini
410 659 552 693 osseo
578 644 762 694 aulisco
794 644 1060 709 colligabis,
1093 652 1142 695 et
1173 648 1349 711 supino
1381 647 1627 697 schemate
1658 650 1838 698 iacenti

154 725 355 783 aegroto
394 719 591 783 inicieS,
630 717 886 782 subposito
925 721 1064 784 prius
1097 719 1326 768 clunibus
1372 721 1622 786 cervicali,
1661 728 1711 770 et
1748 737 1838 786 per

155 791 381 858 podicem
428 792 690 841 eremizato
738 791 850 840 folle
898 799 1238 857 competenter
1277 800 1478 843 ventum
1524 794 1716 843 inflabis
1763 795 1838 844 vel

153 881 300 930 quam
333 866 417 915 diu
450 864 544 914 sibi
575 867 769 930 patiens
799 871 1000 914 ventum
1024 881 1182 931 usque
1215 866 1275 915 ad
1306 867 1612 917 stomachum
1645 870 1837 917 sentiat.
1862 880 1904 911 10

152 947 272 989 tunc
303 939 545 988 auliscum
585 938 814 988 detrahes
848 946 897 988 et
929 942 1131 1004 spongia
1164 939 1317 989 calida
1349 956 1581 1005 expressa
1611 941 1837 1006 podicem

153 1012 417 1073 obtrudeS,
477 1019 528 1061 et
581 1027 694 1062 cum
748 1014 897 1061 nimie
945 1013 1174 1062 assellare
1222 1013 1574 1063 desideraverit
1628 1015 1835 1064 auferes

150 1089 224 1136 sic
275 1088 407 1136 enim
452 1088 636 1151 poterit
682 1088 842 1135 omnis
890 1093 1167 1136 stercorum
1214 1094 1431 1136 vetustas
1478 1090 1718 1137 correctis
1763 1090 1834 1137 in-

155 1161 350 1210 testinis
388 1161 539 1208 nimia
575 1161 869 1209 ventositate
910 1160 1118 1211 excludi.
1192 1159 1369 1209 dehinc
1408 1163 1570 1211 ventri
1608 1168 1658 1210 et
1695 1176 1835 1226 prae-

153 1233 335 1283 cordiis
368 1248 427 1281 ex
460 1232 614 1282 calida
646 1240 695 1282 et
727 1233 835 1282 oleo
867 1234 1134 1282 sufficienti
1163 1239 1411 1298 ptygmata
1442 1233 1594 1283 dabis
1650 1236 1691 1283 si
1719 1249 1835 1283 vero
1861 1246 1903 1278 15

150 1308 301 1356 nimia
356 1308 550 1355 siccitas
606 1308 829 1371 corporis
883 1307 1054 1371 fuerit,
1115 1308 1263 1355 etiam
1317 1321 1378 1356 ex
1432 1307 1586 1356 calida
1632 1314 1681 1356 et
1728 1307 1834 1356 oleo
1931 1319 1933 1321 ’

149 1382 422 1445 semicupio
463 1380 701 1444 depositis
741 1378 976 1429 embasim
1017 1378 1284 1429 adhibebis,

429 1511 527 1560 LII.
589 1512 669 1561 Ad
707 1512 1025 1577 podagram
1067 1518 1123 1561 et
1161 1511 1554 1562 arthriticam.

298 1614 389 1664 Est
420 1621 584 1664 autem
616 1614 831 1680 podagra
863 1617 1078 1664 causatio
1110 1615 1292 1679 pedum
1324 1630 1590 1664 nervorum
1621 1617 1835 1679 partium

151 1688 459 1753 ultimarum,
507 1703 566 1736 ex
610 1703 706 1752 qua
744 1690 986 1752 contingit
1033 1687 1333 1752 patientibus
1372 1703 1572 1752 gressus
1612 1690 1834 1753 corporis
1860 1700 1902 1731 20

151 1761 393 1827 impediri.
456 1763 682 1826 sequitur
721 1768 886 1811 autem
924 1760 1202 1810 laborantes
1242 1763 1293 1809 in
1331 1763 1438 1826 ipso
1478 1763 1616 1810 initio
1658 1777 1833 1810 sensus

268 1895 294 1933 2
326 1887 535 1933 felliculo
566 1902 635 1945 cp.
816 1887 985 1932 aerarii
1028 1889 1104 1944 (cf.
1139 1887 1258 1933 Cael.
1291 1901 1362 1933 ox.
1398 1893 1446 1941 3,
1481 1889 1607 1943 154):
1647 1887 1766 1932 erari
1797 1901 1834 1942 c,

150 1946 294 2017 h&ori
316 1966 376 2018 10⁰
408 1962 507 2019 (ubi
536 1963 585 2005 to
617 1975 673 2005 eae
704 1963 851 2017 coroa).
997 1966 1022 2004 3
1054 1961 1378 2005 intestinorum
1401 1975 1459 2017 p:
1491 1974 1574 2005 om.
1609 1974 1643 2006 c.
1764 1960 1835 2004 in-

148 2022 395 2066 volutacoe
427 2022 652 2076 (—cione)
686 2034 720 2064 c.
879 2024 908 2063 4
938 2020 1111 2064 bubule
1135 2034 1186 2076 Ρ.
1330 2026 1355 2063 5
1388 2020 1577 2064 bubulo:
1609 2021 1662 2063 in
1691 2034 1833 2076 mary.

143 2086 203 2138 ΡΟ
232 2080 263 2124 i.
289 2079 594 2124 exsuflatorio.
715 2077 934 2123 fuluculli
958 2092 993 2134 c,
1024 2078 1223 2123 felliculi
1250 2092 1301 2135 Ρ.
1422 2080 1604 2135 sparto:
1630 2080 1763 2135 spato
1783 2093 1835 2134 p,

149 2138 301 2196 spatio
326 2152 362 2182 c.
470 2144 495 2182 6
512 2140 646 2195 parte
671 2151 753 2182 om.
764 2152 814 2194 Ρ.
921 2137 1090 2194 ligabis
1107 2151 1150 2182 ce
1175 2137 1397 2194 religabis
1410 2151 1460 2193 Ρ.
1569 2143 1593 2181 ’7
1610 2136 1780 2194 ligabis
1799 2151 1833 2180 c.

147 2198 379 2242 iacentem
410 2199 624 2254 egrotum
656 2210 724 2253 cp.
868 2202 895 2241 8
927 2197 1011 2240 sub
1041 2195 1195 2253 posito
1227 2210 1295 2252 cp.
1439 2201 1465 2240 9
1499 2196 1713 2253 θτωίὖειῒο
1746 2201 1835 2251 οΡῡ,

149 2257 388 2301 erimizato
412 2270 463 2313 Ρ.
607 2256 718 2300 felle
749 2268 792 2311 c,
825 2255 984 2299 follem
1007 2269 1060 2311 Ρ.
1195 2256 1336 2300 vento
1375 2269 1443 2312 cp.
1585 2259 1639 2298 10
1670 2254 1759 2298 sibi
1790 2268 1834 2298 c:

149 2316 190 2360 si
213 2330 263 2372 Ρ.
412 2328 560 2372 usque
600 2315 661 2359 ad
700 2314 989 2359 stomachum
1027 2328 1085 2371 p:
1127 2327 1209 2359 om.
1244 2328 1279 2358 c.
1434 2318 1486 2357 11
1519 2313 1766 2358 detrahens
1798 2326 1832 2357 c.

148 2375 363 2431 podicem
402 2373 622 2418 obtrudes
662 2388 705 2418 c:
744 2373 965 2430 pollicem
1010 2373 1248 2417 obstinens
1292 2372 1511 2417 obtrudes
1548 2386 1598 2429 Ρ.
1778 2376 1832 2414 13

149 2433 360 2477 omnium
391 2446 460 2488 cp.
612 2432 835 2476 vetustius
865 2432 1072 2488 corigere
1105 2431 1322 2476 correctis
1356 2432 1454 2487 (sic)
1487 2444 1523 2476 c.
1676 2435 1732 2474 14
1764 2432 1833 2474 et:

150 2505 205 2535 ac
229 2505 278 2548 Ρ.
432 2495 486 2535 15
519 2490 816 2548 (sufficientia
843 2490 868 2549 Ι)
900 2490 1075 2547 tiginta
1105 2504 1141 2546 c,
1173 2491 1407 2548 ptigmata
1431 2503 1480 2546 Ρ.
1604 2493 1659 2532 16
1694 2488 1835 2532 fuerit

150 2549 355 2607 corporis
378 2563 428 2606 Ρ.
574 2549 717 2594 etiam
747 2548 798 2594 in
829 2549 981 2594 calida
1011 2551 1060 2594 et
1091 2550 1193 2594 oleo
1218 2563 1282 2605 Ρ,
1313 2551 1361 2594 et
1390 2548 1543 2593 calida
1573 2561 1629 2591 ex
1661 2547 1763 2591 oleo
1796 2560 1830 2590 c.

152 2614 205 2653 17
239 2608 493 2666 semicapio
518 2621 555 2664 c,
587 2614 798 2666 soicupio
817 2622 866 2664 Ρ.
989 2608 1226 2664 depositos
1251 2622 1316 2664 cp.
1439 2607 1570 2650 ebasi
1597 2619 1654 2661 p:
1686 2619 1768 2650 om.
1795 2619 1831 2650 c,

151 2672 206 2712 18
238 2668 311 2711 Ad
348 2667 604 2724 podegram
635 2668 684 2711 et
712 2666 959 2711 arteticam
991 2681 1033 2722 c,
1065 2668 1133 2711 De
1164 2667 1352 2723 podaga
1381 2665 1506 2725 poda
1528 2678 1649 2720 pass,
1675 2678 1711 2719 Ρ
1743 2664 1834 2719 (Ad

147 2741 194 2783 p.
220 2729 268 2771 et
290 2726 509 2770 arteticos
525 2726 622 2770 ind.
640 2727 709 2782 Ρ).
834 2730 888 2769 19
906 2726 1078 2783 pedum
1100 2739 1324 2770 neuorum
1348 2739 1384 2780 c,
1408 2724 1530 2781 ped(.
1553 2759 1563 2768 .
1581 2759 1590 2768 .
1608 2723 1834 2778 ra)lorum

140 2799 179 2841 Ρ
209 2786 286 2840 (cf.
321 2785 424 2829 Gal.
461 2785 630 2840 XIII,
662 2787 788 2840 332).
