2004 3186
770 131 1169 184 —215—

147 244 231 300 VI,
257 249 342 289 607
367 246 555 302 ptereos
579 243 753 288 herbae
778 257 920 300 quam
1010 243 1364 303 ῥιζωνυχὶαιε
1433 248 1493 291 ad
1555 248 1805 294 rizonichia

149 303 352 349 Romani
384 329 439 335 -
469 304 536 348 sic
567 303 663 348 cod.
694 302 808 347 Par.
840 303 921 347 ubi

148 376 234 408 nos
247 362 399 407 Laud.
415 387 470 394 -
483 361 669 406 felicem
683 363 856 407 vocant
865 382 921 398 =

150 420 328 477 Eupor.
347 425 390 476 4,
408 425 462 464 91
488 419 708 476 πεπέριδος
729 416 759 476 ἡ
785 417 921 477 ῥίζα).

122 477 493 538 πολύτρητοςε
529 477 698 524 tibiam
717 515 726 524 .
748 512 758 523 .
777 513 787 523 .
803 479 920 523 mul-

150 537 213 583 tis
227 536 487 583 cavernulis
503 537 788 595 perforatam
804 551 922 593 quae

150 597 417 653 appellatur
454 596 703 653 politretos
744 598 816 653 (p)
848 601 920 642 48.

122 651 492 713 πρασοειδὴςε
505 654 556 699 in
569 654 923 700 similitudinem

150 713 321 759 coloris
333 713 553 773 foliorum
564 713 783 758 viridium
796 714 923 771 porri

151 773 357 817 coleram
405 773 577 829 (colera
620 774 664 830 9)
711 775 920 827 vomunt,

149 845 295 888 quam
347 831 599 888 prasoiden
651 831 921 888 (prasohide

150 903 194 947 9,
228 891 284 946 cf.
317 890 530 947 prassina
571 890 728 935 colera
756 904 811 935 ex
841 891 923 935 hoc

152 961 261 1052 ⁶532}
286 948 397 1053 ³8?
413 962 457 1052 ἕ·
482 954 598 1063 ”1523
624 949 922 1053 ῖὲἓέἓῃῗῗῗ

264 1044 272 1053 .
369 1043 380 1053 .
451 1043 463 1064 ,
911 1043 920 1052 .

143 1067 211 1121 cf.
245 1063 341 1110 διὰ
373 1068 616 1123 πρασσίου.

124 1121 478 1184 πρόπτωσιςε
534 1125 770 1183 proptosis
818 1138 926 1170 vero

152 1187 225 1228 est
270 1185 508 1230 oculorum
557 1198 612 1229 ex
659 1184 803 1229 nimio
855 1186 927 1228 tu-

152 1257 281 1288 more
347 1243 614 1300 prominens
675 1257 808 1288 casus
870 1246 925 1287 29

153 1301 267 1348 Sim.
291 1314 325 1347 s.
356 1301 637 1359 „proptosist
670 1302 834 1346 Demo.
859 1303 929 1346 est

152 1360 928 1475 ffsssssszfiffssssnzzffiwssazssss·

400 1454 411 1475 ,
485 1453 495 1463 .
585 1454 596 1466 .
727 1455 733 1463 ,
786 1454 795 1464 .

152 1477 305 1534 tosis).
338 1503 394 1510 —
426 1478 635 1522 matricis
662 1477 926 1534 prominen-

152 1539 250 1581 tem
313 1550 471 1581 casum
485 1572 496 1592 ‚
560 1550 700 1592 quem
762 1535 928 1580 Graeci

155 1595 399 1653 proptosin
427 1598 600 1640 vocant
632 1599 701 1640 78.

126 1650 464 1712 πταρμικόςε
503 1653 732 1710 ptarmico
781 1652 926 1697 medi-

155 1716 371 1758 camento
412 1712 461 1756 id
492 1714 563 1756 est
593 1710 926 1756 sternutatorio

156 1777 210 1816 ¹71
248 1772 327 1829 (cf.
360 1770 507 1827 Sim).

125 1827 379 1888 πτύγμαε
418 1829 662 1887 ptigmatis
708 1828 928 1886 (tigmata

154 1903 202 1942 c,
247 1888 429 1946 pimata
459 1902 517 1944 p,
565 1888 816 1945 ptimmata
852 1888 926 1943 ΡΟ)

155 1948 206 1992 id
246 1950 318 1993 est
355 1947 522 2004 pannis
562 1946 727 1991 calidis
759 1960 815 1991 ex
850 1946 928 1989 dc-

155 2006 370 2052 coctioue
397 2041 408 2052 .
434 2041 444 2051 .
471 2042 481 2052 .
506 2005 653 2050 uteris
698 2009 768 2050 66.
838 2003 929 2061 pti-

158 2067 317 2123 gmate
342 2064 557 2122 (tigmate
577 2065 724 2118 codd.)
747 2063 927 2108 fovebis

154 2125 207 2169 id
253 2126 324 2169 est
369 2123 522 2168 calida
568 2137 690 2179 aqua
736 2121 785 2166 in
838 2135 930 2178 qua

156 2183 354 2228 decocta
401 2183 510 2227 sunt
547 2186 627 2227 etc.
666 2187 707 2225 2.
771 2181 828 2236 cf.
873 2184 926 2224 18

156 2242 389 2309 ptigmate
437 2242 607 2298 (tigma
642 2255 692 2298 9,
730 2239 929 2297 tigmate

152 2302 422 2404 {aei'ssgcmhiss
451 2303 524 2412 ⁰33,
553 2304 624 2402 52¹2·
651 2302 930 2415 ⁶543&ss

159 2419 236 2463 vel
267 2417 580 2475 plagellarum
612 2430 732 2473 quae
764 2415 930 2461 Graeci

160 2477 410 2534 ptygmata
445 2477 630 2521 vocant.
666 2501 720 2509 —
752 2475 810 2530 cf.
848 2474 930 2518 du·

161 2536 337 2592 plicata
366 2535 564 2579 linteola
589 2539 661 2579 20.

128 2590 400 2654 ῥαγάδεςε
426 2593 605 2650 podicis
629 2592 746 2637 vitia
770 2627 781 2637 .
808 2627 818 2637 .
846 2626 855 2636 .
876 2593 930 2635 ut

162 2655 270 2697 sunt
292 2652 488 2708 ragades
509 2651 559 2696 id
584 2653 655 2696 est
675 2650 833 2695 hiatus
858 2654 927 2694 74.

130 2709 468 2771 ῥευματικὴε
509 2712 558 2755 et
595 2709 862 2767 appellatur
902 2722 931 2752 a

163 2770 350 2815 Graecis
404 2768 656 2814 reumatice
703 2767 930 2812 diathesis

160 2829 211 2873 id
250 2831 322 2874 est
362 2827 618 2873 reumatica
663 2827 819 2885 passio
859 2831 928 2870 23.

1041 303 1145 361 (sic)
1185 303 1236 348 id
1266 306 1337 349 est
1365 305 1543 350 radices
1581 308 1805 374 unguium

1045 366 1098 407 13
1145 363 1220 418 (cf.
1253 362 1366 407 Sim.
1396 376 1430 408 s.
1465 363 1805 421 chrisomchia).

1043 420 1155 465 Sim.
1196 421 1309 467 Jan.
1349 435 1384 466 s.
1432 423 1687 479 „rhizentia
1732 425 1809 480 (ri-

1043 480 1206 525 zoncia
1236 479 1404 525 Matth.
1435 481 1502 537 S.)
1534 495 1670 538 grece
1702 482 1809 527 Cas-

1042 538 1137 583 sius
1153 538 1284 583 Felix
1298 539 1347 583 in
1364 538 1661 586 antidotario.
1703 543 1810 585 sunt

1041 596 1223 642 radices
1256 597 1368 642 dure
1393 611 1481 654 que
1505 598 1554 642 in
1577 599 1806 644 ulceribus

1043 658 1387 713 apostematum
1398 657 1492 701 iam
1507 659 1811 702 vacuatorum

1043 716 1286 759 remanent
1317 717 1435 761 etc.“

1012 770 1365 841 pivbyxvfov:
1464 773 1810 830 apoflegmatis·

1041 846 1170 875 mum
1183 846 1264 888 qui
1275 831 1465 876 naribus
1477 832 1747 887 infunditur,
1766 834 1812 877 et

1042 904 1070 935 a
1081 890 1270 935 Graecis
1280 890 1545 947 appellatur
1552 890 1811 935 rinenciton

1041 954 1098 993 49
1140 951 1198 1005 (et
1236 949 1568 994 ferramentum
1612 962 1699 1006 quo
1740 951 1811 993 iu-

1041 1008 1258 1062 funditur
1321 1007 1628 1063 rinenchyton
1691 1007 1810 1052 Cael.

1042 1067 1160 1112 Aur.
1186 1071 1285 1111 375.
1311 1071 1398 1111 445
1423 1087 1479 1103 =
1505 1063 1808 1124 ῥίνεγχύτης).

1017 1122 1289 1184 ῥυπαρόςε
1332 1124 1410 1169 hic
1447 1124 1575 1181 fipus
1606 1126 1814 1179 (tertiam

1046 1185 1194 1240 nothe)
1227 1184 1438 1229 sordidus
1473 1197 1502 1227 a
1533 1182 1721 1228 Graccis
1753 1183 1815 1227 ri-

1047 1256 1184 1300 paros
1215 1242 1481 1300 appellatus
1513 1245 1584 1286 58.

1018 1311 1264 1374 ῥωγμόςε
1305 1315 1474 1359 stridor
1509 1314 1591 1358 ille
1622 1313 1815 1358 interior

1047 1374 1249 1431 gutturis
1272 1375 1460 1418 resonat
1483 1385 1622 1429 quem
1650 1371 1815 1416 Graeci

1047 1446 1241 1490 rogmon
1258 1433 1471 1489 (ragmon
1487 1445 1525 1485 c,
1549 1444 1742 1488 regmon
1757 1434 1813 1487 p)

1045 1491 1289 1548 appellant
1329 1495 1399 1535 66.
1458 1491 1515 1544 cf.
1556 1490 1626 1546 (iu
1663 1490 1814 1534 eadem

1039 1549 1422 1606 peripleumonia)
1451 1547 1567 1593 Cael.
1597 1549 1715 1592 Aur.
1740 1561 1811 1591 ox.

1047 1614 1089 1664 2,
1116 1613 1200 1652 145
1224 1607 1426 1664 pectoris
1457 1619 1678 1651 resonans
1709 1606 1811 1649 stri-

1048 1667 1132 1711 dor
1164 1679 1304 1722 quem
1330 1678 1526 1723 rogmon
1555 1664 1811 1721 appellant.

1018 1735 1306 1796 σηπτικόςε
1371 1738 1573 1795 septicae
1627 1736 1812 1781 virtutis

1046 1798 1096 1842 id
1134 1800 1205 1842 est
1229 1832 1239 1841 .
1265 1831 1276 1841 .
1302 1831 1312 1842 .
1338 1795 1700 1854 putrificatoriae
1744 1800 1811 1839 13.

1018 1870 1284 1924 σιτῶδεςε
1325 1869 1440 1914 cibis
1477 1867 1689 1926 inprimis
1731 1868 1813 1912 tri-

1047 1929 1182 1974 ticeis
1236 1930 1286 1973 et
1338 1928 1562 1973 holerosis
1624 1926 1815 1981 nutries,

1048 2003 1157 2032 nam
1181 1986 1346 2032 Graeci
1369 1986 1541 2032 sitodes
1572 1985 1718 2041 (-dis
1742 1986 1813 2041 cp)

1050 2061 1101 2091 ce
1132 2046 1372 2091 lacanodis
1405 2043 1713 2101 (celaconodis
1743 2046 1813 2099 cp)

1049 2105 1211 2150 dicunt
1227 2110 1297 2149 71.
1337 2105 1394 2158 cf.
1414 2103 1574 2148 Simon
1588 2115 1623 2146 s.
1642 2102 1756 2147 sitos
1775 2136 1785 2146 .
1804 2135 1814 2144 .

1050 2164 1191 2209 sition
1252 2163 1424 2208 sitodes
1484 2160 1816 2205 Demosthenes

1049 2222 1256 2280 capitulo
1282 2222 1340 2266 de
1364 2219 1612 2278 optalmia:
1646 2218 1711 2263 sic
1734 2232 1814 2262 vo·

1050 2277 1817 2339 cantgrecifrumentosumcibum.

1020 2354 1340 2414 σκίρρωσιςζ
1366 2353 1426 2397 ad
1450 2350 1670 2395 duritiam
1695 2349 1813 2406 sple-

1049 2414 1122 2458 nis
1175 2413 1253 2458 vel
1314 2410 1608 2463 saxietatem,
1673 2420 1814 2463 quam

1050 2471 1284 2530 (Graeci)
1308 2468 1522 2515 scirrosin
1544 2465 1755 2523 (scirosin
1776 2478 1811 2531 s.

1048 2527 1258 2575 sclirosin
1288 2554 1343 2562 —-
1376 2529 1433 2582 cf.
1466 2525 1625 2570 Simon
1653 2537 1688 2569 s.
1727 2535 1812 2567 sci-

1047 2589 1183 2634 rodes
1230 2613 1285 2621 —
1333 2586 1477 2641 codd.)
1530 2582 1693 2648 dicunt
1741 2586 1816 2625 43.

1048 2648 1193 2692 nimia
1252 2644 1404 2691 tensio
1465 2642 1541 2687 vel
1598 2641 1811 2706 saxietas,

1049 2720 1189 2762 quam
1243 2702 1457 2748 scirrosin
1515 2698 1726 2757 (scirosm
1779 2710 1813 2741 s.

1050 2764 1215 2809 sirosin
1253 2762 1397 2817 codd.)
1434 2759 1604 2803 vocant
1636 2761 1704 2801 76.
1756 2755 1814 2821 cf.

1052 2822 1171 2867 Cael.
1218 2820 1375 2866 Λατοῖ.
1422 2819 1512 2863 chr.
1568 2821 1617 2869 3,
1665 2818 1719 2858 49
1767 2827 1815 2855 ln
