2004 3186
750 90 1149 173 ἢ---43-

125 247 375 291 vocantur.
445 247 496 290 et
542 247 659 290 sunt
705 243 975 290 curationis
1023 241 1250 291 difficilis.
1321 249 1594 292 nascuntur
1643 245 1694 292 in
1735 260 1810 293 ca·

125 314 372 380 cochymis
413 312 706 379 corporibus
744 314 794 363 id
833 321 911 363 est
948 314 1074 364 malo
1113 315 1320 365 humore
1359 318 1617 380 possessis,

274 395 350 438 est
387 390 569 437 iterum
609 386 739 436 aliud
787 403 945 452 genus
985 389 1260 438 scrofarum
1300 391 1500 439 minime
1540 389 1811 440 adhaerens

126 462 212 512 sed
259 463 414 526 magis
463 460 554 510 sub
595 467 707 510 cute
755 468 929 510 natans
976 468 1026 511 et
1071 462 1282 527 plurima
1320 464 1517 512 natione
1565 463 1812 528 pullulans

125 538 254 586 sicut
300 550 457 600 genus
502 549 793 601 porcorum,
839 534 970 584 unde
1018 537 1199 585 iterum
1254 536 1445 585 scrofae
1500 551 1682 585 nomen
1735 552 1811 586 ac·
1837 549 1857 581 5

124 615 380 675 ceperunt.
451 614 724 657 nascuntur
770 614 826 657 ut
873 623 1022 673 supra
1070 609 1257 659 dictum
1297 616 1373 658 est
1422 609 1722 674 glandulosis
1760 612 1812 659 in

122 682 266 748 loeiS,
311 688 368 731 ut
414 683 466 730 in
505 687 707 746 gutture
746 681 823 730 vel
862 681 954 731 sub
995 682 1068 731 ala
1107 689 1191 732 aut
1237 685 1288 731 in
1335 684 1561 750 inguine,
1607 689 1658 732 et
1697 692 1813 733 sunt

0 743 2 767 *
58 801 60 807 ⁴
122 758 224 805 sive
265 755 514 819 chirurgia
553 756 653 803 sive
694 755 1064 805 medicamentis
1104 758 1358 805 curatione
1399 756 1581 806 faciles,

270 834 475 895 propter
515 843 573 877 ea
611 830 880 878 curationis
927 837 1150 894 tempore
1198 829 1360 879 dialon
1398 830 1812 879 medicamentum

121 903 330 953 inferius
363 917 453 952 suo
490 902 599 951 loco
633 904 969 967 conscriptum
1002 918 1232 968 appones,
1295 905 1430 953 novit
1460 905 1591 952 enim
1624 903 1811 953 scrofas
1837 918 1878 948 ιο

122 977 314 1026 solvere
347 983 396 1025 et
434 977 484 1024 in
524 975 732 1024 humore
765 976 1032 1041 purulento
1066 992 1327 1026 conversas
1366 992 1456 1042 per
1494 992 1643 1042 poros
1683 978 1811 1026 cutis

123 1050 389 1100 desiccare.
444 1055 530 1098 aut
561 1056 695 1099 certe
731 1049 907 1099 meline
934 1050 1219 1115 Vespasiani
1250 1050 1544 1116 appellatum
1578 1065 1810 1116 appones»,

123 1131 173 1173 et
211 1139 324 1174 cum
362 1122 545 1172 videris
594 1138 743 1188 supra
787 1123 942 1173 dictas
983 1125 1170 1173 scrofas
1208 1126 1260 1173 in
1300 1124 1535 1173 saniolam
1575 1125 1810 1184 converti,

122 1197 372 1262 chirurgia
429 1197 585 1246 uteris
645 1204 695 1246 et
755 1196 1030 1247 secundum
1093 1200 1334 1247 rationem
1397 1197 1616 1264 curabiS‚
1678 1196 1809 1262 quod

123 1270 298 1321 Graeci
337 1278 443 1320 cata
481 1270 628 1335 logon
666 1277 855 1320 vocant.
1836 1281 1877 1313 15

604 1402 793 1452 XXVII.
855 1403 936 1452 Ad
976 1410 1343 1452 steatomata.

271 1507 569 1556 Steatomata
616 1505 849 1556 dicuntur
897 1507 1104 1555 durities
1151 1508 1203 1555 in
1251 1505 1623 1555 similitudinem
1678 1521 1810 1555 scro-

122 1583 282 1631 farum
323 1587 633 1645 emergentes
671 1579 816 1645 paulo
864 1582 1084 1645 potiores
1125 1586 1174 1628 et
1213 1579 1484 1647 mollioreS,
1532 1595 1657 1643 quae
1698 1595 1811 1628 cum

122 1654 274 1719 digito
314 1655 501 1703 fuerint
538 1656 806 1719 impressae
855 1654 1039 1702 cedunt
1087 1669 1141 1702 ac
1183 1660 1472 1719 resurgunt,
1520 1652 1676 1717 adipis
1716 1652 1809 1701 cal-

121 1727 214 1777 losi
261 1727 544 1793 qualitatem
591 1730 719 1776 iutra
768 1742 820 1776 se
870 1729 1195 1776 continentes.
1272 1726 1404 1774 unde
1450 1728 1558 1790 ipso
1612 1728 1809 1774 nomine
1835 1737 1877 1768 20

245 1891 265 1929 1
301 1883 561 1928 curationes
594 1881 743 1926 diffiot
772 1896 801 1939 9
833 1881 1086 1938 (curaidem
1117 1881 1331 1925 difficiles
1364 1883 1419 1938 c),
1452 1882 1691 1927 curatione
1723 1882 1811 1926 dif-

121 1944 266 1989 ficiles
298 1957 348 1999 p.
501 1940 760 1998 cacocymis
799 1955 850 1998 9,
894 1941 1170 2010 each—ozimis
1211 1955 1253 1996 c,
1298 1940 1567 1985 cacocismis
1598 1943 1666 1998 (—
1678 1940 1811 1985 eisini

123 2022 227 2062 ante
259 2016 392 2071 corr.)
417 2029 466 2072 p.
590 2020 615 2058 3
649 2014 735 2058 Est
764 2014 935 2059 iterum
966 2014 1022 2071 (E
1053 2014 1174 2058 iterii
1205 2028 1248 2071 9,
1280 2015 1363 2059 ubi
1394 2029 1418 2059 e
1450 2028 1505 2058 ea:
1535 2014 1553 2057 i
1584 2027 1698 2059 corr.
1731 2016 1812 2071 qui

121 2078 219 2121 vult
240 2074 423 2130 Cetei-fi)
447 2087 545 2131 9⁰1³·
666 2073 878 2118 minime:
904 2078 1012 2118 noie
1038 2073 1258 2130 (nomine)
1286 2087 1322 2118 c.
1445 2073 1748 2117 adherentes.
1769 2108 1778 2118 .
1799 2110 1809 2120 .

120 2136 334 2180 natantes
362 2168 371 2178 .
399 2168 408 2178 .
439 2168 448 2177 .
474 2132 741 2188 pululantes
772 2133 1087 2189 (pululacione
1118 2132 1405 2189 pullulantes
1437 2134 1500 2189 cl)
1527 2146 1600 2200 9ο,
1634 2132 1810 2176 —tium

120 2222 289 2265 semper
312 2221 362 2263 p.
485 2212 512 2250 4
543 2206 735 2250 natione
765 2220 840 2264 90:
873 2205 1131 2251 variatione
1156 2220 1205 2262 p.
1367 2211 1392 2250 5
1426 2205 1552 2250 scrof
1577 2219 1746 2251 nomen
1767 2220 1810 2262 9,

121 2281 290 2312 nomen
315 2265 490 2310 scrofas
516 2279 552 2320 c,
575 2279 746 2310 nomen
770 2265 915 2310 scrofe
932 2280 982 2322 p.
1106 2270 1130 2308 ’7
1163 2265 1213 2308 in
1242 2264 1435 2321 inguine
1460 2279 1483 2309 c
1514 2264 1578 2321 (in
1611 2279 1694 2309 om.
1718 2266 1809 2322 922).

123 2332 150 2372 8
184 2325 446 2370 curationes
471 2339 507 2380 p
542 2326 676 2380 (—ne
707 2325 792 2381 90).
916 2329 942 2368 9
967 2324 1156 2368 dialoon
1185 2338 1252 2382 9ο,
1286 2323 1438 2368 dialef)
1464 2338 1501 2380 p
1534 2324 1611 2379 (cf.
1645 2338 1680 2368 c.
1713 2327 1808 2378 21).

124 2406 180 2444 10
211 2400 334 2444 scrof
359 2413 401 2456 9,
556 2402 608 2441 11
645 2412 672 2450 z
704 2399 751 2442 et
779 2398 830 2442 in
859 2399 906 2442 h.
936 2413 979 2456 9.
1117 2397 1166 2441 in
1196 2397 1389 2442 humore
1420 2398 1669 2453 purulento
1701 2410 1808 2441 con-

122 2473 277 2504 versas
302 2461 563 2514 (conversos
587 2470 625 2510 c,
650 2470 871 2501 converso
889 2459 943 2514 p)
957 2471 1057 2514 9010.
1181 2461 1234 2500 12
1260 2456 1433 2500 meline
1455 2470 1510 2515 9ο
1533 2456 1722 2513 (moline
1738 2458 1808 2511 p).

124 2523 178 2562 13
212 2517 440 2562 saniolam
470 2529 537 2572 90,
571 2515 699 2559 —las
723 2531 774 2572 p.
921 2521 977 2560 14
1009 2514 1252 2571 cirurrigia
1281 2516 1387 2570 (sic)
1414 2530 1457 2572 9.
1597 2519 1649 2558 15
1684 2516 1807 2557 cata-

121 2577 265 2634 logon
293 2590 360 2633 9ο,
392 2575 608 2631 catalogo
633 2588 685 2631 p.
806 2578 976 2620 vocant
1008 2588 1061 2631 y:
1093 2573 1336 2630 appellant
1367 2588 1434 2629 cp.
1558 2578 1611 2618 16
1644 2574 1712 2616 tit.
1736 2570 1809 2615 Aa

122 2649 437 2694 steathomata
490 2644 788 2703 (steatomata
821 2651 861 2704 c)
892 2663 958 2705 yc,
991 2648 1059 2692 De
1092 2646 1262 2691 duritie
1295 2647 1435 2690 simili
1471 2645 1657 2690 duritiei
1688 2658 1808 2689 soro·

120 2708 324 2752 fularum
348 2722 385 2764 p
416 2708 486 2762 (in
516 2709 614 2753 ind.
647 2721 777 2764 capp.
809 2708 883 2752 Ad
916 2707 1203 2762 steatomas).
1327 2710 1379 2749 17
1411 2705 1736 2749 Steathomata
1764 2718 1808 2760 9,

124 2767 478 2812 Scearthomata
508 2781 532 2810 c
561 2769 685 2821 (item
715 2767 847 2821 infra
871 2781 920 2823 p.
954 2770 1025 2821 44,
1059 2768 1120 2819 1).
1253 2763 1447 2807 durities
1481 2767 1622 2822 y(cp).
1753 2767 1806 2806 19

122 2825 330 2886 inpresse
361 2827 485 2881 9(p):
520 2840 732 2883 expresse
765 2840 801 2872 c.
