2004 3186
840 116 903 123 —-
989 87 1240 139 134——

342 205 486 255 aliud.
577 205 636 255 ad
693 205 854 255 colum
909 213 960 255 et
1012 206 1278 261 ischuriam
1339 206 1388 255 id
1444 213 1520 256 est
1571 209 1743 257 urinae
1799 208 1879 257 ab-

196 280 478 328 stinentiam
518 285 568 328 et
615 279 673 328 ad
723 279 933 329 strosum
981 279 1031 328 id
1078 287 1154 329 est
1199 286 1386 329 tortum
1432 282 1632 329 ventris,
1701 284 1881 346 cymini

195 352 449 402 torrefacti
502 359 551 401 et
589 352 703 402 salis
741 352 777 410 9
817 353 1059 419 singulos,
1105 355 1291 418 piperis
1337 368 1486 418 grana
1525 352 1673 402 XXX.
1743 354 1881 404 dabis

196 432 356 475 totum
403 425 573 475 hibere
615 441 728 475 cum
768 441 921 490 aquae
968 426 1160 491 tepidae
1208 426 1474 476 sufficienti
1512 427 1672 477 mod0.
1735 430 1882 477 etiam

152 510 172 542 5
199 505 248 548 et
294 498 546 549 conditum
585 500 881 549 nefreticum
929 500 1216 564 frequenter
1255 499 1360 548 dari
1407 506 1626 566 oportet,
1672 502 1878 550 maxime

197 573 239 620 si
278 574 383 622 sine
423 572 560 622 febre
601 573 764 622 fuerit.
1697 633 1705 638 ⁶

344 645 488 695 aliud.
558 646 618 695 ad
673 647 991 696 inflationem.
1061 646 1294 712 epithima
1340 647 1417 696 dia
1467 652 1751 712 spermaton
1798 656 1882 697 aut

197 719 275 768 dia
307 735 537 769 samsucu
572 722 803 784 superius
843 720 900 768 ad
934 719 1235 770 inflationem
1267 720 1506 770 stomachi
1545 722 1881 786 conscriptum

196 808 425 858 appones

130 877 172 908 10
345 866 489 916 aliud.
563 867 623 916 ad
671 866 846 916 colum.
917 866 1062 916 alium
1114 869 1301 917 siccum
1348 882 1461 916 cum
1507 867 1700 916 modico
1740 867 1882 916 melle

196 941 366 1004 pipere
409 947 458 989 et
497 941 744 989 coriandri
785 941 913 990 foliis
953 942 1222 990 contritum
1261 941 1423 990 addito
1462 940 1729 1005 liquamine
1769 956 1882 990 cum

195 1013 302 1061 oleo
350 1029 526 1078 spano,
574 1021 658 1063 aut
697 1028 812 1064 cum
857 1015 965 1063 iure
1011 1014 1224 1079 pullino,
1264 1029 1361 1062 non
1401 1014 1509 1062 oleo
1557 1014 1642 1063 sed
1684 1014 1881 1064 condito

198 1089 485 1154 commixto,
533 1086 823 1136 mirabiliter
871 1087 1039 1137 colicis
1086 1087 1360 1137 auxiliatur.
1430 1094 1514 1137 aut
1553 1094 1689 1136 certe
1727 1089 1883 1153 ipsius

197 1159 277 1208 alii
326 1162 485 1225 spicas
533 1167 764 1226 purgatas
812 1163 1054 1228 integrae,
1102 1163 1143 1210 si
1191 1160 1479 1225 grandiores
1519 1176 1726 1210 numero
1766 1167 1885 1227 treS,

131 1243 173 1276 15
199 1234 240 1282 si
301 1236 513 1283 minutas
548 1234 606 1280 -V
661 1241 745 1283 aut
798 1233 904 1300 VII,
964 1236 1248 1300 vespertino
1303 1241 1524 1299 tempore
1583 1240 1883 1285 transvoret:

197 1321 392 1356 omnem
431 1310 777 1357 ventositatem
817 1323 929 1358 cum
969 1308 1243 1373 flegmatico
1282 1308 1490 1357 humore
1530 1307 1742 1357 deducit.
1781 1348 1787 1355 .

345 1383 387 1429 si
440 1397 556 1430 vero
613 1381 803 1430 iliacam
857 1384 1137 1446 passionem
1194 1382 1346 1445 signis
1401 1397 1549 1446 supra
1599 1383 1884 1431 memoratis

198 1457 476 1521 agnoveriS,
545 1455 800 1520 praedicto
870 1456 1113 1520 passionis
1173 1454 1417 1520 periculo,
1481 1454 1883 1519 permittentibus

200 1527 409 1594 viribUS,
450 1535 561 1578 ante
603 1543 748 1592 quam
788 1529 847 1578 ad
888 1535 1165 1578 stercorum
1204 1529 1442 1577 vomitum
1479 1530 1792 1594 perveniant,
1833 1530 1883 1577 in

131 1611 173 1643 20
198 1600 398 1650 brachio
461 1617 634 1651 venam
697 1617 861 1651 cavam
916 1601 1126 1650 mediam
1180 1600 1534 1650 flebotomabiS.
1619 1603 1661 1650 si
1721 1608 1886 1651 tamen

199 1675 424 1724 nimietas
472 1675 655 1724 doloris
705 1677 945 1741 coegerit,
992 1677 1139 1724 etiam
1186 1681 1236 1723 et
1284 1673 1685 1739 vaporationibus
1724 1682 1775 1724 et
1813 1676 1885 1723 in-

198 1748 491 1798 iectionibus
548 1763 697 1813 supra
757 1750 1040 1798 memoratis
1095 1750 1169 1797 uti
1232 1754 1442 1813 oportet.
1519 1747 1605 1796 sed
1660 1749 1703 1797 si
1758 1748 1885 1797 forte

199 1822 348 1871 nimia
401 1824 751 1872 intestinorum
806 1822 1044 1871 verticula
1099 1823 1199 1871 sive
1263 1821 1566 1870 involutione
1628 1828 1887 1887 acceptum

321 1983 344 2022 1
377 1978 622 2024 iscuriam:
655 1978 767 2036 dis(s
791 1978 983 2035 c)uriam
1015 1992 1083 2035 cp.
1204 1983 1230 2022 2
1265 1979 1324 2023 ad
1361 1978 1594 2023 scorofum
1624 1978 1686 2021 ad.
1716 1979 1817 2022 torf:
1851 1992 1887 2033 c,

115 2078 124 2086 ,
202 2037 476 2082 adstrictum
506 2038 536 2082 i.
569 2039 744 2082 tortum
768 2052 819 2094 p.
941 2043 967 2082 3
998 2042 1027 2089 5
1053 2037 1260 2094 singulas
1284 2051 1320 2081 e.
1442 2042 1470 2080 4
1494 2037 1674 2082 bibere:
1706 2036 1826 2081 libre
1850 2051 1887 2090 c,

200 2110 283 2140 om.
308 2110 346 2153 p
379 2099 450 2152 (ut
481 2098 615 2141 δίδου
648 2098 803 2140 πίνειν
837 2096 974 2151 Gal).
1097 2109 1221 2152 aqua
1258 2095 1420 2152 tepida
1451 2109 1519 2152 cp.
1642 2095 1888 2140 sufficienti

200 2155 339 2199 modo
372 2169 430 2211 p:
472 2156 777 2200 sufficientem
816 2156 1006 2200 modum
1049 2169 1084 2199 c.
1237 2155 1379 2199 etiam
1414 2168 1497 2199 om.
1532 2167 1566 2199 c.
1720 2158 1746 2197 5
1777 2168 1887 2199 neu-

200 2213 369 2258 fraticfi
402 2227 447 2269 c,
486 2215 679 2259 nefretic‘:
708 2228 757 2270 p.
879 2213 1081 2259 maxime
1114 2213 1154 2257 si
1185 2227 1227 2258 cz
1269 2213 1312 2257 ei
1349 2213 1549 2257 maxime
1583 2213 1663 2269 qui
1689 2226 1737 2270 p.
1861 2219 1885 2257 6

201 2302 331 2346 febre
362 2315 399 2358 c,
431 2303 564 2346 —bri
599 2277 746 2360 (—bl3>
771 2316 822 2358 p.
945 2308 970 2346 7
1004 2301 1250 2359 epithimia
1281 2315 1327 2356 c,
1359 2299 1535 2357 epith'a
1558 2314 1608 2357 p.
1731 2304 1758 2344 8
1791 2300 1887 2344 dia.-

203 2375 449 2405 sansucum
479 2375 524 2415 c,
565 2375 677 2406 —co
701 2374 751 2417 p.
877 2366 931 2405 10
964 2362 1136 2406 collum
1167 2374 1235 2417 ep.
1357 2361 1454 2404 alisi
1485 2373 1528 2416 c,
1572 2359 1736 2403 allium
1767 2362 1889 2416 (ante

202 2433 317 2465 corr.
358 2420 534 2476 album)
569 2434 620 2476 p.
739 2420 880 2464 melle
911 2434 993 2466 om.
1018 2434 1069 2477 p.
1194 2424 1246 2462 11
1279 2418 1404 2464 foliis
1428 2432 1487 2475 p:
1529 2418 1644 2463 folio
1676 2432 1712 2463 c.
1833 2418 1890 2462 li·

203 2491 382 2536 camine
398 2507 450 2549 p,
482 2493 669 2538 modica,
699 2487 919 2551 alicffmine
952 2508 988 2538 c.
1112 2507 1216 2536 cum
1242 2498 1319 2549 10⁰:
1360 2494 1408 2536 eh
1430 2505 1499 2548 cp.
1622 2496 1676 2535 12
1707 2491 1887 2548 pullino

194 2565 251 2606 p:
283 2551 460 2607 polline
492 2566 529 2597 c.
676 2557 728 2596 13
763 2554 1013 2598 commeato
1045 2566 1090 2608 e,
1123 2553 1377 2596 comestum
1402 2565 1452 2607 p.
1592 2555 1646 2594 14
1677 2550 1789 2594 allei
1820 2563 1886 2606 cp.

203 2614 295 2653 nfio
334 2611 428 2654 tres
461 2625 504 2656 e:
545 2610 624 2655 III.
650 2625 699 2668 p.
854 2615 907 2654 15
949 2611 988 2655 si
1018 2611 1220 2655 minutas
1253 2624 1296 2655 c:
1336 2611 1514 2654 minute
1538 2623 1589 2665 p.
1738 2610 1888 2652 trans-

206 2670 362 2713 vorate
393 2683 431 2715 c.
606 2675 660 2715 16
693 2668 882 2714 deducit
913 2683 955 2724 c,
990 2670 1160 2714 -eunt
1190 2670 1272 2725 (ct)
1296 2683 1348 2725 Ρ.
1524 2673 1577 2711 17
1608 2667 1811 2722 yliacam
1835 2681 1886 2723 p,

202 2726 378 2771 illicam
410 2743 444 2773 c.
581 2734 638 2774 20
670 2742 789 2773 vena.
820 2742 935 2773 cava
965 2727 1119 2772 media.
1141 2742 1200 2784 p,
1238 2741 1407 2772 venam
1437 2726 1639 2771 mediam
1671 2739 1706 2770 c.
1830 2732 1885 2769 21

203 2785 344 2829 etiam
376 2801 458 2834 om.
493 2801 517 2832 c
547 2789 613 2844 (et
644 2789 750 2833 add.
776 2788 868 2844 1³0).
989 2786 1367 2831 inieetationibus
1399 2800 1434 2831 c.
