2004 3186
779 106 1105 157 —7—

97 229 273 278 Graeci
311 227 391 277 dia
428 233 504 277 tes
542 240 751 291 yperoas
790 225 997 292 dicunt,·
1022 224 1117 274 hoc
1156 232 1232 275 est
1262 228 1402 291 ysopi
1442 237 1484 278 2.
1525 225 1590 293 X,
1628 226 1784 291 thymi

95 313 139 354 2.
170 301 251 363 v1,
291 301 482 366 origani
521 307 571 350 et
608 298 958 364 staphisagriae
1006 297 1068 348 d?
1106 306 1392 366 quaternaS‚
1440 302 1574 365 passi
1612 301 1784 365 optimi

93 377 308 425 eminam
353 374 397 441 Ι,
443 375 571 423 aceti
616 372 866 422 dimidiam
912 378 1125 437 partem:
1171 372 1351 422 herbas
1390 380 1501 423 ante
1542 373 1672 422 diem
1710 375 1782 422 in-

94 449 272 500 fundes
312 455 363 498 et
411 447 672 513 diligenter
711 447 903 495 fervere
943 446 1114 513 facieS‚
1160 445 1370 510 liquabis
1403 456 1454 496 et
1498 446 1636 496 dabis
1674 462 1782 512 gar-

92 522 408 588 garizandum
460 523 663 586 potione
723 535 822 569 una
875 519 1036 569 tribus
1089 518 1285 581 diebus,
1346 522 1399 569 in
1454 520 1555 570 sole
1609 522 1676 570 ita
1726 527 1783 570 ut
1806 534 1827 567 5

93 597 256 645 orario
301 595 460 644 velato
507 596 666 659 capite
713 593 916 642 dorsum
956 593 1016 642 ad
1056 593 1210 643 solem
1246 600 1418 661 ponat,
1467 601 1516 644 et
1554 610 1645 659 per
1683 597 1781 644 sin-

92 669 234 735 gulos
266 668 372 719 dies
402 674 665 734 postquam
695 669 981 732 purgaverit
1012 668 1256 732 tepefacto
1282 667 1392 717 oleo
1424 675 1572 733 caput
1602 675 1783 735 tangat,

91 750 143 793 et
180 742 505 792 refectionem
544 743 752 806 accipiat
790 740 1084 806 simplicem,
1123 747 1180 790 ut
1219 748 1336 790 sunt
1366 756 1456 790 ova
1495 741 1695 790 sorbilia
1733 749 1784 791 et

91 817 261 866 holera
299 815 454 865 malva
491 814 886 880 beta-atriplices
925 814 1183 864 cucurbita
1221 814 1399 864 blitum
1430 831 1491 864 ex
1527 817 1636 864 iure
1675 815 1781 880 pul-

90 891 191 940 lino
240 896 290 939 et
333 905 484 955 parvo
532 889 632 938 sale
679 895 730 938 et
775 894 942 954 aneto,
997 895 1047 938 et
1099 882 1288 954 piscem
1333 895 1563 939 tenerum
1608 895 1665 938 ut
1707 895 1783 938 est
1807 903 1849 934 10

91 964 270 1014 turdus
327 963 472 1029 gobio
527 969 612 1012 aut
665 960 844 1011 asellus
901 961 977 1010 vel
1039 965 1266 1027 scorpius
1313 969 1396 1011 aut
1450 978 1644 1028 scamS,
1699 969 1783 1012 aut

91 1037 254 1104 pullos
292 1037 587 1102 gallinaceos
627 1042 712 1086 aut
750 1035 1058 1085 columbinos
1098 1036 1175 1085 vel
1214 1035 1480 1085 cerebrum
1517 1036 1784 1086 haedinum

91 1126 258 1161 assum
297 1117 382 1160 aut
418 1116 555 1160 certe
593 1111 878 1175 porcinum,
922 1116 972 1159 et
1009 1112 1179 1159 vinum
1218 1112 1592 1174 aquatissimum
1629 1117 1784 1175 potet.

88 1187 351 1235 transactis
389 1199 508 1234 vero
546 1183 1055 1248 tribus'purgationis
1094 1182 1270 1233 diebus
1300 1190 1673 1248 propungentes
1705 1199 1782 1234 ca-

89 1259 233 1324 pillos
279 1258 560 1308 medicinali
603 1257 812 1322 psilotro
857 1259 910 1306 in
956 1256 1131 1306 balneo
1387 1258 1559 1323 facieS,
1605 1257 1655 1307 id
1707 1264 1784 1307 est
1807 1271 1849 1303 15

90 1334 440 1398 auripigmenti
484 1332 691 1381 laminae
738 1342 796 1382 ÷
842 1330 925 1397 IS,
973 1330 1266 1380 sandaracae
1316 1331 1372 1398 S,
1417 1333 1630 1396 pumicis
1682 1333 1783 1381 tusi

91 1414 140 1456 et
184 1408 236 1455 in
282 1421 409 1455 novo
458 1405 637 1455 cacabo
686 1406 834 1454 assati
881 1411 932 1453 et
978 1405 1199 1453 cimoliae
1255 1411 1420 1454 cretae
1474 1405 1784 1470 torrefactae‚

89 1479 344 1530 ambarum
384 1482 664 1545 specierum
703 1478 946 1544 scripulos
987 1493 1156 1545 senos,
1203 1478 1350 1528 calcis
1389 1481 1525 1528 vivae
1566 1489 1624 1529 ÷
1659 1478 1782 1528 VIII.

208 1597 232 1636 1
267 1592 485 1649 diathesy
518 1605 686 1650 peroas
716 1606 759 1650 9,
792 1590 976 1636 diathes
1007 1605 1202 1648 ypereas
1226 1597 1285 1649 ΡΟ
1317 1593 1451 1649 (idem
1481 1592 1628 1637 adscr.
1660 1590 1715 1636 ff
1735 1594 1784 1637 et

92 1695 171 1740 dia
208 1696 280 1739 tes
310 1697 550 1752 moereas),
586 1694 664 1738 dia
693 1696 766 1739 tes
795 1708 991 1752 ypereos
1024 1707 1060 1739 c.
1193 1695 1312 1751 tymi
1341 1709 1385 1753 9,
1416 1653 1537 1739 thimi
1566 1709 1613 1750 p,
1643 1694 1783 1738 thimi

90 1784 126 1814 c.
248 1774 274 1813 2
301 1768 670 1828 staph(f)isagrie
694 1770 838 1826 9(pe).
961 1768 1021 1810 df
1045 1768 1295 1824 quaternas
1322 1783 1352 1826 9
1376 1769 1422 1824 (5
1445 1756 1695 1824 ᾆυαῇθτηειε
1719 1769 1781 1824 c):

90 1836 150 1873 an
183 1829 310 1885 (ana)
350 1833 379 1879 5
410 1827 511 1871 IIII.
537 1842 587 1884 p.
740 1832 766 1870 3
807 1826 962 1870 emina.
987 1861 997 1870 .
1024 1861 1033 1870 .
1061 1862 1070 1870 .
1097 1826 1292 1870 dimidia
1320 1841 1430 1883 pars
1455 1841 1514 1883 p,
1551 1826 1706 1870 emina
1736 1828 1784 1871 et

90 1887 214 1932 aceti
245 1886 451 1930 dimedia
487 1900 596 1942 pars
634 1899 670 1929 o.
821 1890 850 1928 4
880 1884 1024 1929 facies
1048 1898 1131 1941 pc:
1178 1885 1293 1929 facis
1322 1901 1364 1944 9.
1515 1885 1667 1942 liquas
1706 1900 1781 1943 9ρ,

88 1947 222 2002 liqna
252 1960 288 1991 e.
440 1949 466 1989 5
499 1945 738 2002 potionem
776 1958 918 1988 unam
957 1945 1164 2000 (potione
1203 1959 1294 1988 una.
1326 1946 1367 2001 c)
1405 1945 1455 1988 in
1486 1945 1582 1988 sole
1618 1944 1782 1988 diebus

87 2006 235 2050 tribus
269 2017 346 2060 pc,
499 2010 524 2048 6
564 2004 778 2048 deorsum
816 2017 853 2048 c.
1005 2006 1162 2047 8—-13
1196 2005 1254 2058 cf.
1290 2003 1408 2048 Cael.
1432 2004 1551 2048 Aur.
1587 2017 1637 2059 p.
1670 2007 1782 2049 276.

89 2064 324 2121 accipiant
340 2077 392 2119 p,
418 2062 576 2119 ——piet
599 2076 634 2107 c.
751 2067 777 2106 9
803 2062 931 2107 olera.
946 2076 1022 2119 pc.
1135 2062 1265 2106 bleta
1279 2077 1329 2118 p.
1446 2061 1782 2121 a<et>riplices

89 2124 143 2167 iri
171 2136 263 2167 raa.
295 2137 336 2180 9.
483 2121 746 2166 cucurbitas
769 2135 822 2177 p.
958 2121 1081 2166 blitfi
1113 2137 1166 2179 p:
1199 2121 1404 2166 blattam
1433 2136 1474 2179 9.
1624 2135 1782 2165 cueur-

87 2181 190 2226 bita
213 2207 268 2213 —
292 2181 469 2238 piscem
493 2194 575 2225 om.
603 2194 638 2224 c.
665 2180 764 2236 (ubi
786 2180 1025 2237 atriplices
1048 2183 1263 2237 teneros).
1388 2185 1442 2224 10
1476 2182 1616 2225 aneto
1649 2182 1783 2225 cocta

89 2242 197 2286 add.
224 2255 272 2297 p.
398 2245 451 2284 11
484 2239 624 2297 gabio
648 2254 700 2296 10-
823 2240 1018 2284 assellus
1048 2255 1121 2298 yp.
1267 2243 1410 2289 scarfi,
1431 2254 1474 2297 9.
1619 2244 1674 2283 12
1706 2239 1782 2283 vel

88 2301 244 2357 pullus
274 2299 562 2357 gallinaceus
594 2300 677 2343 aut
720 2298 1010 2343 columbinus
1032 2314 1069 2356 p
1083 2334 1093 2354 ‚
1132 2299 1209 2344 vel
1246 2298 1389 2355 pullis
1426 2298 1671 2356 galinaciis
1701 2300 1783 2342 aut

91 2358 380 2404 columbinus
413 2371 449 2402 c.
572 2363 627 2402 13
660 2371 818 2402 assum
840 2373 891 2416 9:
925 2360 1131 2402 assatum
1149 2372 1225 2415 pc.
1345 2358 1512 2415 potent
1527 2371 1603 2414 po.
1726 2362 1782 2401 14

89 2417 422 2475 purgationum
454 2430 489 2462 c.
612 2421 667 2461 15
690 2416 901 2474 psylotro
924 2431 967 2474 9,
1001 2417 1195 2474 spilotro
1228 2431 1264 2461 o.
1384 2416 1434 2460 in
1466 2416 1634 2461 balneo
1665 2415 1780 2461 facis

91 2479 193 2533 (sic)
242 2490 328 2534 ypc
372 2477 475 2530 (ubi
516 2477 635 2521 deest
683 2477 804 2532 quod
844 2476 981 2533 facis,
1032 2490 1091 2522 sc.
1136 2475 1360 2533 expoliari
1401 2476 1469 2520 vel
1515 2477 1604 2519 tale
1656 2475 1779 2532 quid.

90 2551 148 2606 cf.
183 2550 302 2595 Cael.
335 2551 426 2597 chr.
451 2555 503 2604 1,
535 2554 630 2606 36).
759 2548 880 2609 i<d>
909 2565 960 2608 9:
991 2551 1036 2596 h.
1063 2554 1087 2594 e
1111 2564 1164 2606 p,
1195 2550 1282 2593 hee
1314 2549 1386 2592 est
1415 2562 1439 2592 c
1472 2550 1549 2603 (se.
1581 2548 1675 2591 iam
1705 2547 1781 2591 de-

89 2610 306 2654 scribitwr
328 2610 518 2666 psilotri
547 2609 797 2663 confectio).
944 2614 998 2654 16
1030 2609 1206 2653 lamina
1237 2610 1262 2652 ὃ
1289 2607 1343 2651 IS
1376 2621 1412 2651 c.
1558 2605 1783 2662 quimolia

91 2672 140 2713 el:
185 2671 312 2712 creta.
351 2669 477 2725 (alba
520 2670 645 2712 terra
691 2681 919 2724 suprascr.
970 2670 1036 2726 90)
1079 2667 1334 2712 torrefacta.
1369 2681 1424 2724 9,
1471 2664 1694 2722 quimolie
1733 2664 1782 2708 et

91 2727 216 2772 crete
246 2727 496 2772 torrefacte
518 2742 556 2784 p
597 2727 691 2784 (sed
722 2726 931 2783 cimolia5
964 2753 1016 2759 ——
1030 2741 1054 2771 e
1084 2728 1229 2784 90100),
1262 2725 1499 2781 quimolea
1529 2725 1576 2768 et
1607 2723 1782 2769 creata-

90 2817 192 2859 tore
221 2815 349 2860 facta.
379 2829 414 2860 c.
540 2820 594 2859 18
627 2789 851 2871 scripulos
884 2829 1017 2860 senos
1048 2829 1098 2873 9;
1130 2819 1159 2865 ’5
1190 2814 1255 2858 VI
1280 2827 1330 2870 p,
1362 2815 1386 2857 ὃ
1417 2826 1551 2857 senos
1582 2826 1619 2856 c.
