2004 3186
758 128 1157 181 —237—

110 242 348 300 frenesis,
373 241 612 287 frenetici
639 246 709 285 62.
755 241 903 286 frene-

137 301 233 346 tica
264 301 420 358 passio
453 306 524 345 30.

18 361 22 398 ἱ
108 359 416 405 frenetizare
449 365 519 404 62.

107 417 460 474 frequentare:
499 418 606 476 plus
636 431 778 463 verno
816 418 904 462 fre-

137 479 360 534 quentare
408 477 714 535 (epilepsiam)
757 477 903 522 mani-

134 536 306 581 festum
338 539 410 582 est
442 541 513 581 71.

28 583 34 593 ³
105 594 328 650 sysarius
361 621 417 628 —
447 596 539 640 vid.
571 594 784 640 auliscus.

107 654 434 709 gargarizare
465 667 608 711 saepe.

12 750 18 778 3
106 713 272 767 gelela
319 713 475 771 (gelda
520 714 633 758 Sim.
682 712 794 758 Jan.
847 714 904 768 cf.

137 772 307 817 Matth.
341 772 454 816 Silv.
487 787 522 816 s.
563 772 733 829 gelona
767 771 800 815 i.
833 786 905 816 co-

133 831 410 887 loquintida.
458 831 611 888 gelela
631 830 759 875 idem
782 831 906 887 quod

132 904 286 1005 9353:
317 889 903 994 sfffflassaefi‘f‘tjffi

133 1007 262 1064 galla
317 1007 557 1053 cucurbita
612 1007 808 1066 agrestis
858 1010 906 1052 et

132 1068 399 1111 veementer
430 1069 629 1124 amara):
667 1066 904 1122 coloquin-

131 1125 246 1170 tidis
290 1125 522 1170 interioris
563 1126 715 1170 carnis
759 1123 903 1182 (ἔντε-

133 1181 319 1241 ριώνης)
343 1198 485 1240 quam
514 1185 684 1242 vulgus
715 1186 903 1241 geldam

132 1244 198 1299 (c,
247 1244 445 1300 gelelam
494 1258 553 1300 Ρ,
607 1244 783 1301 gellam
831 1246 902 1300 ΡΟ)

130 1303 269 1346 vocat
311 1307 378 1347 73.
435 1303 493 1357 cf.
532 1304 586 1347 in
620 1304 903 1348 antidotario

133 1362 256 1417 (post
288 1360 496 1406 Cassium
527 1362 703 1418 addito)
735 1362 904 1407 codicis

135 1419 287 1464 Paris.
320 1421 354 1474 f.
391 1419 476 1464 81¹²
507 1425 556 1464 1:
604 1420 901 1476 Experimen-

130 1481 233 1523 tum
265 1479 501 1535 cataputie
527 1480 748 1523 catartico
773 1480 900 1536 aloy-

131 1537 273 1583 darie.
332 1539 374 1592 l}
405 1538 531 1582 aloes
564 1538 759 1595 epatice.
802 1539 902 1582 dia—

130 1597 286 1654 gridii.
323 1597 478 1655 gelela
494 1597 579 1653 (sio
594 1602 655 1653 ΡΟ
678 1618 734 1634 =
759 1598 900 1654 gella)

129 1656 373 1700 interiores
403 1669 564 1699 carnes
594 1656 738 1700 trium
769 1657 902 1712 paria

129 1715 348 1772 pondera.
424 1714 644 1759 cauliculi
690 1728 799 1759 suco
847 1728 902 1759 ex

129 1773 255 1818 foliis
272 1787 484 1830 expresso
501 1772 685 1831 colligis
705 1775 752 1818 et
775 1775 902 1818 cata—

129 1831 287 1890 putias
325 1832 373 1876 in
412 1833 602 1876 modum
641 1833 775 1877 herbi
810 1832 900 1877 for-

130 1892 281 1936 matas
319 1892 434 1947 (sic).
496 1892 613 1946 facit
658 1905 759 1936 cum
805 1892 900 1936 cod.

132 1951 288 1995 Paris.
352 1952 487 1995 etiam
542 1950 758 1995 Matheus
810 1950 901 1995 Sil-

128 2010 306 2054 vaticus
344 2023 378 2053 c.
421 2013 506 2053 283
545 2023 579 2054 s.
625 2009 831 2065 „Gelona
868 2010 899 2054 i.

132 2067 465 2124 coloquintida.
552 2068 716 2113 Gelela
774 2069 901 2113 idem

131 2128 256 2184 quod
289 2129 468 2184 supra“.
514 2129 592 2172 sed
621 2128 739 2172 idem
769 2128 901 2183 infra

130 2201 165 2232 c.
186 2191 273 2230 294
298 2185 463 2243 „Gilea
484 2187 513 2230 i.
537 2186 898 2243 coloquintida“.

130 2250 264 2303 atque
294 2246 347 2290 in
385 2245 616 2290 Herbario
648 2247 743 2290 cod.
777 2245 898 2291 Gall.

131 2309 224 2350 762
266 2305 340 2362 (cf.
381 2305 552 2350 Anecd.
584 2305 649 2360 II,
691 2306 793 2361 122)
835 2307 901 2349 sie

132 2364 295 2420 Zeqitur
327 2377 362 2408 e.
399 2363 491 2408 XC
517 2363 586 2408 De
620 2364 900 2421 coloquintis

131 2422 274 2478 agria.
344 2421 636 2478 Coloquintis
676 2423 807 2480 agria
851 2423 900 2467 id

132 2484 203 2526 est
257 2480 500 2525 cucurbita
553 2480 767 2526 silvatica
811 2482 901 2526 hoc

131 2542 202 2584 est
245 2539 419 2597 galalai
448 2539 643 2584 interius
675 2541 800 2608 quod
831 2542 903 2585 est

131 2613 159 2643 a
177 2598 350 2643 semine
373 2600 647 2655 separatam.
679 2599 819 2656 iscrip
822 2600 900 2643 ulo

130 2672 222 2702 uno
257 2672 362 2701 cum
393 2658 545 2702 mulsa
574 2657 738 2702 tritum
768 2658 902 2715 potui

131 2717 294 2762 datum
317 2718 527 2761 ventrem
550 2719 724 2774 purgat
747 2718 902 2762 colera

133 2777 181 2820 et
210 2776 392 2832 flegma.
429 2801 483 2807 —
515 2778 573 2830 cf.
604 2776 720 2832 hisp.
758 2776 900 2833 jalea,

132 2835 279 2892 gelea.

996 242 1256 296 gesastera
1293 256 1409 288 nom.
1444 249 1524 297 29,
1561 246 1795 301 gesastere

1026 302 1084 358 (9,
1117 315 1227 346 -ra
1250 314 1318 358 οΡ,
1350 315 1491 346 —rea
1506 304 1582 360 ΡΟ)
1607 308 1664 347 39
1698 305 1797 360 (ubi

1023 372 1168 416 supra
1198 374 1393 406 uuormo
1423 365 1506 432 90).
1558 375 1795 419 9611368-

1026 421 1202 464 asteros
1265 419 1366 476 (γῆς
1435 416 1646 478 ἀστέρος)
1707 435 1793 478 96Ρ

1029 479 1257 535 (—tereos
1273 481 1350 535 ΡΟ)
1376 483 1446 524 39.
1489 482 1750 536 gesasteros
1774 494 1798 525 c

1027 537 1255 592 (-tere0s
1285 538 1342 593 Ρ)
1381 542 1438 582 48
1465 539 1545 583 bis.
1582 544 1636 583 73
1676 542 1795 597 (ges-

1026 598 1176 640 astare
1207 597 1274 641 sic
1296 600 1369 652 Ρ).

996 654 1150 709 gillo:
1191 656 1239 700 et
1275 654 1430 712 ipsum
1463 655 1617 700 oleum
1648 655 1796 711 liqua-

1023 715 1126 757 tum
1180 714 1338 758 mittes
1391 715 1441 758 in
1495 714 1671 771 gillone
1723 719 1793 760 42.

1023 772 1179 829 ipsum
1217 772 1442 830 gillonem
1479 773 1530 817 in
1569 773 1664 817 olla
1706 773 1794 817 fer—

1026 831 1155 876 venti
1201 831 1380 876 calidae
1428 831 1690 876 summittes
1737 837 1792 875 42

1027 890 1271 947 (gillonem
1301 891 1493 936 fictilem
1521 903 1661 947 quem
1684 891 1796 935 bau-

1025 949 1175 994 calem
1243 951 1516 1007 nuncupant
1586 949 1794 994 Cassian.

1024 1009 1082 1063 cf.
1134 1008 1379 1065 Quicherat
1422 1009 1546 1054 Add.
1587 1009 1670 1053 lex
1713 1009 1793 1053 lat.

1023 1067 1375 1196 ἳνῗὲῐὲἒωῗῄεοίΡ
1380 1067 1627 1183 pagg-3132.
1636 1067 1795 1183 &oggi

995 1184 1142 1239 girba
1189 1179 1369 1242 (ολμος,
1411 1185 1683 1230 mortarium
1727 1186 1795 1229 vel

1022 1248 1075 1287 ut
1098 1243 1210 1288 Sim.
1237 1244 1278 1288 J
1275 1258 1350 1290 an
1376 1244 1476 1300 pila
1505 1242 1791 1315 pistatoriak

1021 1302 1071 1346 in
1116 1303 1252 1373 girba
1294 1302 1498 1347 contusis
1544 1303 1618 1358 (=
1659 1299 1796 1359 ὁλμο-

1021 1359 1233 1417 κοπήσας
1282 1361 1407 1407 Orib.
1455 1365 1496 1405 et
1544 1362 1624 1406 Ps.
1672 1361 1795 1415 Gal.)

1023 1425 1093 1464 31
1141 1420 1190 1464 in
1222 1420 1357 1476 girba
1387 1420 1540 1478 (girva
1569 1422 1607 1476 c)
1643 1420 1793 1464 mittis

1023 1482 1071 1523 et
1107 1480 1157 1523 in
1188 1479 1418 1524 unitatem
1443 1514 1452 1523 .
1482 1513 1491 1523 .
1520 1515 1527 1523 .
1554 1479 1793 1524 tundendo

1023 1539 1153 1596 cogis
1195 1544 1264 1582 33.
1332 1538 1482 1582 mittis
1518 1538 1569 1581 in
1610 1537 1793 1594 girbam

1023 1598 1072 1640 et
1100 1597 1150 1639 in
1179 1611 1272 1665 uno
1305 1597 1556 1653 diligenter
1587 1597 1789 1641 contusis

1022 1727 1118 1759 sam
1149 1715 1231 1760 del.
1258 1720 1339 1782 ΡΟ,
1370 1689 1452 1760 om.
1479 1717 1519 1772 c)
1551 1714 1710 1759 mittes
1737 1718 1791 1758 75

1024 1774 1099 1830 (cf.
1148 1778 1204 1818 35
1257 1774 1306 1817 in
1356 1773 1630 1819 mortarium
1675 1787 1793 1818 mar-

1022 1846 1231 1877 moreum
1260 1833 1509 1889 refundes).

992 1891 1323 1947 glandulosus
1357 1896 1425 1936 18.
1460 1897 1530 1936 26.
1564 1897 1632 1936 60.

992 1950 1228 2005 globosus
1261 1951 1450 2008 sanguis
1483 1956 1553 1995 39.
1587 1955 1659 1996 46.

992 2009 1198 2064 glebula
1235 2011 1386 2054 multa
1421 2010 1478 2054 de
1508 2010 1687 2067 pariete
1721 2013 1789 2055 64.

1020 2068 1234 2125 glebulas
1273 2068 1512 2126 sanguinis
1544 2074 1615 2112 30.

992 2127 1484 2184 gliquiritim—ricia
1494 2127 1790 2184 glyquiricia)

1018 2200 1048 2244 9
1072 2191 1142 2231 33.
1164 2192 1222 2230 34
1247 2187 1476 2244 (gliciriza
1491 2200 1527 2242 c,
1555 2186 1789 2243 liquiricia

1019 2259 1189 2313 semper
1221 2249 1289 2303 Ρ).
1345 2248 1402 2301 cf.
1444 2246 1603 2290 Simon
1637 2259 1671 2289 s.
1704 2244 1791 2302 gli-

1022 2319 1187 2349 coriza.

992 2363 1359 2418 glutinatorius
1395 2367 1465 2407 39.

993 2422 1280 2477 glutinosus
1311 2427 1369 2466 34
1394 2423 1512 2478 (bis).

993 2482 1205 2536 granata
1230 2483 1304 2537 (-—--
1329 2481 1506 2525 malum
1524 2481 1787 2537 granatum,

1020 2541 1121 2585 ital.
1132 2542 1341 2597 granata,
1350 2539 1632 2606 melagrana‚
1646 2538 1790 2582 mela-

1021 2601 1256 2656 granata):
1289 2600 1512 2656 granatae
1541 2597 1690 2641 siccae
1715 2609 1792 2640 co-

1020 2658 1142 2702 rium
1174 2663 1244 2703 20.
1278 2662 1348 2702 64.
1380 2661 1450 2702 82.
1516 2655 1699 2700 corticis
1731 2655 1789 2699 de

1022 2720 1221 2774 granata
1246 2717 1368 2761 sicca
1392 2718 1450 2774 (9,
1477 2714 1662 2772 granati
1678 2714 1790 2758 sicci

1021 2778 1061 2831 c)
1103 2781 1174 2821 36.
1238 2775 1422 2819 corticis
1469 2775 1691 2831 granatae
1733 2785 1788 2829 6Ρ

1020 2839 1092 2879 48.
1151 2836 1375 2891 granatae
1415 2833 1564 2878 siccae
1605 2831 1788 2876 corticis
