2004 3186
814 131 879 140 -—
959 102 1217 156 249—

207 223 286 273 75,
331 217 499 274 apthes
542 222 601 262 36
654 215 887 283 (ptiriasin
932 221 975 271 3,

203 276 536 343 xeroptalmia,
551 274 725 343 ptisica
747 274 866 331 -ci,
893 275 977 319 ubi

204 349 292 381 roc.
315 334 470 392 tymi,
500 334 651 390 tisica,
680 338 734 378 ut
757 333 974 400 tigmata,

202 394 388 509 ὕρεὸἶιῡ
410 405 502 451 pro
530 406 560 450 ο
592 391 846 450 phem&
882 391 974 450 pfl-

203 467 319 498 sana

173 511 364 569 pillulis
388 513 463 568 (=-
486 511 689 568 pineus):
720 510 875 554 resina
903 509 974 567 pi-

204 571 325 615 nalis
356 570 514 627 (pinea
537 569 766 624 Petram.)
798 574 871 615 46.
914 569 972 622 ef.

205 634 261 674 76
294 632 346 684 (r.
371 629 558 686 pituina
578 634 601 673 1
628 633 668 672 et
690 642 725 672 s.
751 628 974 684 πιτυίνη).

173 688 498 745 planipedum
527 687 829 744 (cubiculum)
860 692 933 732 30.

172 745 461 804 plenarium
491 746 830 803 (emplastrum)
864 751 934 790 19.

173 805 318 863 plus.
348 806 456 863 plus
485 805 682 850 calidius
713 805 870 850 oleum
901 809 974 849 42.

203 863 359 922 passio
380 864 487 921 plus
509 864 782 909 acutissima
804 865 854 909 et
875 878 976 908 mo-

203 923 366 968 lestior
386 925 429 979 (σ
452 943 510 961 ===
532 923 638 981 plus
663 926 802 968 acuta
824 922 975 980 magis

201 982 403 1027 molesta
410 984 465 1039 p)
482 986 553 1027 47.
593 983 652 1037 cf.
676 981 976 1027 mediocriter

201 1041 437 1108 crassioris
475 1046 533 1085 40
572 1046 613 1085 et
647 1054 796 1098 supra
832 1054 868 1086 8.
903 1041 973 1084 ni-

200 1100 360 1144 mium.
423 1101 482 1155 cf.
525 1100 644 1145 Cael.
683 1113 755 1145 ox.
796 1105 847 1156 2,
889 1104 973 1145 182

201 1159 353 1204 multo
534 1158 688 1203 ssime
746 1159 876 1203 laesa
934 1163 976 1202 et

201 1218 377 1262 similia
421 1231 554 1275 saepe
597 1219 726 1275 apud
769 1218 975 1263 Alexan-

113 1284 116 1288 '
200 1277 337 1321 dmm
360 1277 542 1344 (parum
567 1276 775 1321 duriores
798 1278 877 1332 fol.
902 1275 971 1321 6¹³.

202 1335 355 1379 adhuc
392 1336 544 1403 magis
580 1336 834 1393 pessimum
871 1340 972 1381 24²

202 1394 315 1438 satis
361 1394 630 1439 acutissima
675 1393 778 1439 63¹³.
834 1394 973 1438 valde

199 1453 500 1497 utilissimum
532 1452 634 1498 69¹³.
679 1453 795 1497 satis
819 1452 973 1497 utilis-

201 1510 323 1556 sime
346 1515 446 1557 97².
498 1511 638 1579 nimis
668 1511 973 1557 utilissimum

199 1575 301 1615 98⁸.
367 1571 482 1615 satis
521 1570 670 1615 rarius
708 1574 830 1616 123⁸
858 1573 971 1638 eto..)

199 1629 258 1683 cf.
274 1629 374 1673 ind.
391 1630 454 1673 ad
468 1629 741 1674 Anthimum
754 1642 791 1674 s.
807 1629 972 1686 magis.

169 1688 378 1744 polenta
418 1688 657 1744 (pulentae
698 1701 728 1745 9
770 1692 851 1744 42,
890 1703 974 1745 pu-

199 1746 317 1791 lenti
331 1747 391 1791 ib.
414 1760 457 1803 9,
480 1746 724 1803 polentum
747 1748 816 1791 vel
838 1748 975 1791 etiam

199 1805 445 1862 pulentum
482 1819 539 1862 cp
580 1810 646 1851 15.
688 1811 759 1851 46.
800 1810 857 1850 47
893 1810 973 1851 etc,

199 1865 257 1919 cf.
292 1864 411 1909 Cael.
444 1865 519 1910 cit.
551 1864 737 1910 Ro‘nsch
764 1865 830 1909 It.
854 1866 971 1919 272)

201 1927 255 1967 15
288 1924 362 1979 (=
387 1923 539 1968 farina
560 1923 823 1968 hordeacea
850 1923 972 1968 Seri-

198 1983 331 2038 bon.).
363 1986 421 2026 48
453 1987 531 2027 etc.

170 2040 287 2097 pori
326 2042 689 2097 (arthriticorum
723 2055 778 2086 ex
809 2042 974 2098 quibus

200 2099 392 2157 lapides)
419 2104 490 2146 52.
529 2101 582 2145 in
604 2101 756 2145 eadem
777 2114 828 2145 rc
852 2099 971 2145 Cael.

198 2159 290 2204 chr.
341 2163 390 2215 5,
436 2164 494 2203 33
539 2173 680 2216 poros
728 2173 846 2216 quos
886 2173 972 2204 nos

196 2217 421 2262 transitus
493 2217 648 2263 dicere
715 2218 972 2288 poterimus

200 2277 504 2332 (confundens
518 2273 695 2334 πόρους
705 2274 970 2334 σῦπωρους).

169 2345 324 2391 posca
368 2337 451 2390 (sic
495 2349 525 2392 9
568 2340 612 2381 st
656 2336 886 2381 interdum
932 2349 970 2391 c,

197 2406 284 2438 rec.
316 2407 461 2450 pusca
490 2395 563 2451 cp)
587 2396 780 2451 passim.

169 2452 350 2508 potare
397 2453 608 2507 (τνᾶηΙσση
657 2458 698 2498 et
749 2454 969 2557 tlrinlcen).

199 2524 323 2567 aqua
354 2510 507 2556 calida
535 2512 779 2569 potabisl
785 2547 795 2557 .
870 2513 973 2570 ipsa

199 2569 471 2615 decoctione
526 2570 734 2616 ieiunum
785 2572 972 2629 potabis

199 2633 271 2674 42.
297 2633 367 2673 44.
392 2634 452 2674 46
476 2633 553 2674 etc.
578 2654 635 2663 —
658 2631 820 2675 vinum
840 2633 974 2688 potet

102 2738 104 2741 ¹
200 2692 239 2730 1.
287 2690 500 2744 potatum
531 2693 602 2734 81.

167 2746 434 2802 potionare
467 2750 524 2791 72
557 2748 632 2804 (cf.
664 2747 872 2804 Ro‘nsch,
903 2749 968 2792 It.

1066 216 1352 272 praeterire
1364 227 1380 260 a
1404 216 1673 262 laborantes
1686 217 1726 262 si
1745 219 1866 263 hanc

1086 274 1350 331 passionem
1359 287 1522 319 curate
1529 275 1868 332 praeterimus

1094 338 1166 378 48.
1193 360 1246 368 —
1272 333 1553 391 praeteritus
1579 335 1653 378 est
1676 336 1866 392 (metus)

1064 451 1294 508 pressius
1315 452 1479 508 (caput
1500 452 1772 508 detondere)
1795 458 1865 498 71.

1064 521 1308 567 pressura
1350 511 1585 565 (sensuum
1614 512 1668 556 im
1698 513 1866 557 lethar-

1095 570 1226 626 θεοὺς)
1259 574 1330 614 63.
1384 570 1443 624 cf.
1477 569 1596 616 cael.
1627 583 1699 616 ox.
1734 576 1775 627 1,
1810 576 1865 617 17

1093 642 1307 686 pressura
1357 628 1650 686 intellegitur
1704 631 1868 675 contra

1094 689 1312 732 naturam
1343 700 1545 732 somnus.

1065 746 1368 803 primariusz
1426 747 1608 803 pullum
1661 747 1718 792 de
1771 748 1866 805 pu·-

1095 805 1242 849 mario
1273 805 1372 849 fetu
1405 810 1475 850 71.

1065 864 1419 921 procuratumz
1440 865 1644 908 dandum
1671 900 1680 909 .
1707 901 1717 910 .
1746 901 1754 910 .
1780 866 1867 910 ali-

1095 923 1211 980 quid
1249 923 1419 968 sorbile
1456 926 1512 967 ut
1554 925 1627 968 est
1655 925 1867 981 amylum

1094 983 1394 1039 procuratum
1425 986 1497 1027 46.

1064 1041 1442 1098 propungentes
1455 1041 1868 1099 (=prominentes)

1096 1099 1288 1156 capillos
1316 1104 1339 1143 1
1365 1101 1435 1154 (ut
1459 1100 1578 1145 Cael.
1596 1101 1687 1145 chr.
1708 1106 1747 1157 1,
1771 1103 1865 1157 36).

1064 1158 1338 1215 psilotrum
1381 1159 1660 1204 medicinale
1697 1160 1864 1205 descri-

1095 1219 1220 1262 bitur
1253 1223 1293 1261 1.

1063 1276 1358 1333 psittaoium
1387 1276 1669 1346 (psytaoium
1698 1291 1741 1334 9,
1771 1277 1866 1335 psi-

1090 1335 1268 1380 taoium
1329 1349 1354 1379 σ
1401 1356 1459 1373 =
1506 1331 1756 1389 ψιττάκιον
1810 1350 1867 1380 ex

1092 1394 1239 1438 Scrib.
1280 1393 1438 1450 Laryo
1482 1393 1586 1438 Gal
1618 1395 1726 1451 XII,
1761 1397 1868 1452 764)

1092 1453 1397 1510 emplastrum
1451 1457 1521 1497 21.
1603 1454 1659 1506 cf.
1715 1467 1751 1499 σ.
1809 1459 1863 1498 17

1091 1512 1256 1556 sitacio
1287 1514 1345 1568 (p
1383 1513 1451 1555 vel
1486 1513 1664 1556 sutacio
1696 1514 1738 1568 c)
1770 1527 1865 1557 em-

1091 1571 1282 1627 plastro.
1326 1570 1648 1626 (psittaoinum
1691 1571 1863 1626 Mare„

1093 1629 1241 1673 Scrib.
1274 1643 1332 1684 „a
1355 1629 1509 1673 colore
1530 1629 1601 1673 ita
1624 1629 1863 1686 diotum“).

1063 1688 1266 1744 ptisana
1305 1689 1405 1743 (sic)
1443 1701 1530 1744 ycp
1573 1693 1642 1733 21.
1687 1693 1758 1735 39.
1805 1695 1865 1734 40

1092 1751 1171 1792 etc.
1219 1761 1366 1803 grana
1394 1746 1609 1803 ptisanae
1641 1752 1713 1792 46.

1062 1805 1314 1862 puleium.
1345 1806 1491 1862 poleii
1510 1819 1541 1862 9
1570 1805 1767 1863 (pulegii
1790 1808 1864 1863 cp)

1094 1869 1165 1909 37.
1210 1865 1288 1909 sed
1316 1864 1498 1921 pulegii
1528 1869 1569 1908 et
1595 1879 1624 1921 9
1655 1870 1727 1919 40,
1757 1871 1810 1910 ut
1841 1879 1866 1910 σ

1093 1928 1165 1968 40.
1190 1927 1262 1969 45.
1287 1928 1357 1968 66.
1376 1928 1432 1968 58
1461 1924 1559 1979 (ubi
1574 1924 1783 1995 puleium
1793 1926 1862 1981 p)

1062 1982 1320 2039 pulleinus
1330 1983 1488 2039 (18)-
1499 1983 1591 2028 vid.
1601 1996 1637 2027 8.
1649 1979 1862 2038 ψύλλιον.

1062 2041 1316 2098 pulliuusz
1348 2054 1405 2086 ex
1433 2041 1534 2086 iure
1564 2041 1745 2098 pullino
1779 2049 1816 2086 1.

1062 2099 1300 2157 pulsatur
1337 2100 1496 2145 dolore
1535 2100 1767 2155 (dentium
1796 2101 1864 2145 la-

1092 2159 1276 2214 borans)
1310 2164 1380 2204 32.
1435 2160 1540 2204 loca
1570 2159 1730 2204 dolore
1759 2160 1863 2216 pul-

1092 2220 1196 2262 sata
1225 2223 1297 2262 46.

1060 2276 1252 2334 pupula
1282 2273 1436 2334 (κόρη)
1469 2282 1539 2322 29.

1060 2335 1416 2392 purgatorium
1449 2337 1524 2405 (εσ.
1554 2334 1863 2380 medicamen-

1088 2397 1206 2450 tum,
1237 2390 1553 2451 καθαρτικόν)
1577 2395 1767 2451 passim.

1059 2465 1290 2510 purpura
1319 2454 1446 2498 sicca
1483 2453 1662 2510 operies
1693 2457 1751 2497 42
1781 2456 1861 2498 etc.

1061 2513 1270 2569 pustula
1300 2517 1356 2556 25
1382 2513 1499 2568 (bis).

1060 2572 1410 2628 pustulescere
1421 2582 1437 2615 ι

1092 2630 1349 2675 stulescant
1399 2631 1594 2687 (partes)
1655 2633 1726 2673 53.
1802 2629 1860 2684 cf.

1091 2689 1336 2746 pustulati,
1351 2688 1685 2745 pmtulescere,
1699 2689 1862 2744 pustu-

1089 2748 1315 2793 lationem
1353 2747 1506 2792 facere
1546 2761 1619 2804 ap.
1654 2746 1774 2792 Cael.
1807 2759 1857 2802 p.

1091 2811 1182 2855 553
1213 2811 1291 2852 etc.

1473 2571 1623 2615 donec
1646 2603 1656 2614 .
1692 2605 1702 2614 .
1738 2605 1748 2614 .
1777 2585 1862 2627 pu-
