2004 3186
837 113 1238 166 ——160-

188 250 309 301 pora
347 236 635 301 frequenter
673 235 835 284 hieme
875 240 924 284 et
956 237 1179 285 autumni
1204 235 1315 284 fine
1347 236 1604 302 contingit,
1639 242 1689 285 et
1720 238 1874 301 magis

190 309 385 374 quando
423 309 582 358 hiems
620 308 905 374 inchoatur,
951 323 1103 358 verno
1144 315 1308 358 autem
1348 314 1398 357 et
1436 315 1630 358 aestate⁴
1661 309 1874 360 difficile.

335 383 726 448 peripleumonia
778 397 895 431 vero
958 389 1035 432 est
1087 384 1305 432 causatio
1358 384 1410 431 in
1465 388 1568 431 toto
1627 382 1875 450 pulmone,

190 472 251 506 ex
291 472 386 521 qua
418 458 660 521 contingit
691 463 856 505 tumor
886 456 995 505 fieri
1025 457 1077 505 in
1109 455 1396 506 visceribus,
1452 458 1679 521 sequitur
1710 464 1876 506 autem

143 540 165 573 5
191 537 417 596 aegrotos
469 529 621 580 febris
662 536 824 590 acuta,
864 529 1080 579 thoracis
1118 529 1330 594 gravedo
1370 545 1485 579 cum
1523 524 1905 595 contractiones

191 611 241 654 et
279 605 457 669 supino
490 606 644 669 magis
685 603 932 653 schemate
972 609 1023 652 et
1062 602 1207 653 altius
1240 605 1397 668 capite
1436 605 1598 653 iacere
1631 603 1875 654 delectan-

189 685 297 744 tur,
360 679 411 726 in
472 677 599 727 latus
661 692 778 726 vero
845 676 1057 726 difficile.
1133 685 1278 742 sputa
1333 679 1479 727 etiam
1534 676 1759 727 similiter
1821 684 1877 727 ut

189 751 450 816 pleuretici
480 753 730 817 proiciunt
754 758 804 800 et
834 750 1050 815 linguam
1082 749 1387 801 subalbidam
1417 751 1694 816 proferunt.
1756 758 1875 801 tunc

191 826 487 874 accessionis
527 832 750 890 tempore
783 823 1028 874 anhelitus
1066 826 1325 892 increscit,
1365 825 1519 875 rubor
1551 824 1788 874 malarum
1824 818 1877 874 in

123 911 166 942 10
190 898 328 948 vultu
362 898 653 948 ostenditur.
714 900 970 963 peiorante
1000 913 1117 947 vero
1148 900 1376 964 passione
1412 913 1526 948 cum
1558 898 1617 948 ad
1650 898 1877 948 ultimum

188 974 415 1021 venerint
454 978 764 1037 aegrotantes
776 1011 791 1039 ‚
832 971 1015 1021 stridor
1053 971 1135 1022 ille
1174 974 1382 1022 interior
1422 974 1638 1038 gutturis
1677 980 1877 1021 resonat

190 1060 338 1110 quem
377 1044 553 1095 Graeci
590 1060 799 1111 rogmon
837 1045 1095 1111 appellant.

338 1119 622 1169 efficiuntur
691 1120 981 1184 frequenter
1051 1134 1110 1168 ex
1180 1119 1586 1169 antecedentibus
1652 1119 1877 1170 similiter

191 1194 352 1243 causis
391 1192 571 1261 quibus
605 1200 655 1243 et
691 1193 984 1259 synanchica
1022 1195 1185 1258 passio
1226 1193 1454 1243 efficitur.
1517 1192 1776 1258 aliquando
1816 1209 1879 1243 ex

123 1278 166 1310 15
190 1266 404 1316 violento
444 1282 687 1331 percussu
725 1268 967 1332 contingit
1004 1274 1089 1317 aut
1121 1266 1390 1317 concubitu
1428 1266 1641 1333 plurimo
1681 1273 1766 1318 aut
1803 1269 1876 1317 in-

188 1340 484 1405 digestione,
534 1348 617 1390 aut
664 1342 706 1390 si
753 1342 865 1405 quis
910 1340 1104 1405 pondus
1149 1356 1294 1406 grave
1341 1340 1630 1391 baiulaverit
1669 1348 1719 1390 et
1765 1348 1878 1406 post

186 1415 352 1479 ipsum
413 1413 631 1463 laborem
695 1416 866 1464 sitiens
929 1415 1075 1464 nimis
1137 1415 1365 1480 frigidam
1426 1417 1678 1480 potionem
1736 1430 1879 1480 prae-

187 1488 471 1553 sumpserit.

336 1562 388 1610 in
428 1560 768 1611 curationibus
809 1568 974 1611 autem
1018 1564 1060 1611 si
1099 1564 1281 1612 nimius
1320 1563 1471 1612 fuerit
1509 1562 1649 1612 dolor
1681 1569 1877 1628 oportet

121 1647 165 1680 20
188 1636 239 1684 in
278 1633 480 1683 brachio
519 1633 852 1684 flebotomiam
892 1634 1147 1703 adhibere,
1187 1638 1231 1685 si
1268 1644 1434 1686 tamen
1474 1637 1659 1685 ventris
1697 1635 1875 1685 solutio

188 1710 388 1758 minime
443 1708 746 1775 impedierit,
811 1724 870 1757 ex
925 1724 983 1758 eo
1039 1709 1228 1759 scilicet
1282 1709 1482 1759 brachio
1540 1709 1672 1774 quod
1726 1710 1878 1759 fuerit

186 1783 394 1847 patienti
432 1781 575 1831 lateri
624 1784 951 1844 contrarium,
999 1782 1048 1832 id
1097 1783 1229 1847 quod
1268 1785 1539 1849 antispasin
1578 1791 1776 1849 vocant,
1828 1792 1877 1832 et

187 1862 379 1905 tantum
430 1855 690 1905 detrahere
748 1862 988 1921 quantum
1042 1864 1176 1906 aetas
1230 1863 1280 1906 et
1333 1859 1511 1907 virium
1566 1856 1773 1922 qualitas
1828 1866 1878 1906 et

180 1930 324 1994 ,regio
366 1936 415 1979 et
453 1936 649 1995 tempus
689 1937 740 1979 et
779 1945 926 1979 causa
965 1937 1014 1979 et
1052 1930 1337 1996 magnitudo
1375 1932 1671 1996 poposcerit.
1746 1937 1796 1979 et
1836 1933 1878 1979 si

120 2014 163 2048 25
188 2009 361 2052 venter
423 2018 521 2052 non
584 2003 780 2069 fecerit,
842 2002 1019 2053 blando
1082 2011 1132 2053 et
1193 2004 1455 2054 chalastico
1517 2004 1728 2069 clystere
1794 2003 1875 2053 de-

308 2136 330 2174 1
365 2111 594 2187 contingit
615 2145 673 2186 p:
706 2145 790 2175 om.
823 2145 858 2176 c.
989 2133 1038 2175 et
1068 2131 1218 2188 magis
1251 2147 1294 2177 c:
1336 2145 1420 2178 om.
1445 2146 1495 2188 p.
1633 2137 1658 2176 2
1691 2130 1875 2188 quando

186 2203 358 2247 hiems:
391 2203 607 2270 quotiens
639 2204 748 2260 (pro
787 2208 880 2261 qiffi
911 2203 1047 2262 iems)
1081 2219 1118 2260 c,
1151 2194 1182 2260 (ἶ
1213 2206 1339 2262 (quo)
1362 2205 1510 2263 yemis
1535 2219 1585 2262 p.
1707 2211 1736 2249 4
1765 2211 1796 2261 (1
1824 2219 1875 2262 p,

186 2276 278 2318 quo
311 2276 347 2307 c.
527 2277 577 2306 m
614 2276 698 2307 om.
730 2277 780 2319 p.
961 2267 1120 2308 autem
1151 2277 1234 2308 om.
1267 2278 1303 2309 c.
1485 2269 1511 2310 5
1544 2263 1665 2309 feb'e
1693 2265 1799 2319 (sic)
1825 2278 1874 2320 p.

184 2351 374 2419 qtracoe
406 2365 443 2403 c,
475 2325 583 2403 926&
605 2365 642 2407 p
675 2342 878 2408 (96t6tffi
901 2353 991 2419 13⁰),-
1115 2357 1140 2396 6
1173 2353 1326 2409 capite
1358 2367 1401 2398 e:
1438 2367 1466 2398 a
1498 2352 1651 2410 capite
1679 2367 1727 2410 p.
1849 2359 1875 2398 8

187 2412 479 2466 propiciante
510 2409 720 2467 linguam
752 2424 795 2466 c,
835 2413 1069 2467 proiciunt
1110 2412 1320 2469 linguam
1342 2427 1393 2469 p.
1577 2417 1632 2456 10
1665 2412 1726 2457 ad
1755 2411 1878 2456 ultia

186 2469 348 2513 venisit
378 2468 636 2526 egritudies
667 2483 703 2514 c.
849 2474 903 2514 11
935 2470 1017 2516 ille
1045 2474 1050 2526 Ι
1077 2468 1182 2515 t¹10r
1205 2484 1263 2528 p,
1296 2470 1376 2516 ille
1407 2470 1598 2516 inferior
1629 2485 1664 2515 e.
1807 2485 1876 2516 re-

187 2541 355 2572 sonans
379 2541 430 2585 p.
553 2533 607 2571 12
640 2542 832 2585 ragmon
867 2543 911 2585 c,
949 2543 1143 2587 regmon
1166 2544 1216 2586 p.
1342 2536 1395 2575 13
1429 2530 1627 2575 efficitur
1659 2545 1693 2574 c.
1817 2531 1874 2574 si-

186 2586 363 2631 militer
391 2588 458 2631 sic
489 2601 556 2643 cp.
688 2592 745 2631 14
776 2587 985 2632 sinancia
1016 2603 1059 2642 c,
1093 2589 1285 2634 —ehica
1306 2604 1356 2646 p.
1491 2589 1690 2634 efficitur
1720 2602 1802 2633 om.
1838 2603 1873 2634 c.

190 2650 243 2688 15
275 2647 328 2689 in
358 2660 500 2703 mara.
525 2651 583 2702 ΡΟ
613 2652 634 2689 i
666 2644 693 2690 ἓ,
724 2647 874 2691 ecuta.
1011 2652 1064 2691 17
1098 2649 1349 2705 sumpserit
1371 2663 1421 2704 p.
1553 2653 1607 2692 19
1641 2649 1798 2692 autem
1831 2662 1873 2692 c:

185 2717 297 2748 vero
322 2719 371 2760 p.
513 2709 567 2748 21
602 2718 659 2749 ex
690 2719 758 2750 eo.
793 2721 827 2749 s.
853 2719 908 2762 p:
943 2708 991 2750 et
1021 2720 1070 2751 os
1103 2706 1260 2752 silibet
1292 2722 1326 2752 c.
1473 2712 1528 2751 22
1561 2707 1610 2751 id
1641 2707 1787 2764 quod:
1820 2708 1874 2750 ut

185 2763 238 2817 (fl
261 2765 316 2818 10)
349 2764 473 2820 quod
498 2767 544 2821 (q
569 2765 610 2820 c)
635 2778 702 2820 cp.
824 2765 1082 2822 antispasin
1106 2779 1142 2822 c,
1175 2772 1203 2810 a
1226 2766 1372 2823 tipasi
1387 2781 1437 2823 p.
1561 2771 1616 2810 25
1643 2768 1805 2810 venter
1828 2779 1871 2809 c:

186 2822 320 2866 ufitrs
346 2835 395 2878 p.
520 2823 692 2867 elisteri
723 2837 758 2868 e.
