2004 3186
272 232 314 279 si
359 245 477 279 vero
524 228 705 278 videris
752 230 952 278 minime
999 243 1145 294 posse
1194 230 1380 295 spargi,
1433 229 1520 279 sed
1561 232 1714 295 magis
1753 232 1811 280 ad

123 304 438 354 nutriendam
477 304 663 352 saniem
702 301 972 363 declinare,
1021 301 1364 367 cataplasmate
1412 305 1568 352 uteris
1616 319 1676 352 ex
1727 306 1812 355 tri-

124 379 252 427 ticeo
291 377 472 443 polline
514 383 564 426 et
600 377 765 425 resina
804 375 1125 442 terebintina,
1172 375 1319 443 quod¹
1344 378 1575 441 superius
1615 376 1674 426 ad
1714 392 1811 426 ma-

123 451 357 501 turandas
417 449 667 515 parotidas
727 451 1121 499 memoravimus.
1203 455 1252 498 et
1307 456 1568 514 postquam
1630 450 1813 500 videris

122 525 466 575 collectionem
497 523 624 573 bene
656 523 810 573 fuisse
842 529 1136 572 maturatam
1168 529 1218 572 et
1249 523 1379 572 sicut
1409 522 1813 589 Hippocrates
1837 534 1857 567 5

122 601 174 648 in
213 599 530 663 prognostico
570 597 690 646 dicit
728 599 781 646 in
812 602 1011 646 acutum
1045 596 1334 663 deductam,
1374 596 1623 662 chirurgia
1656 600 1812 648 uteris

122 672 216 721 hoc
243 672 403 721 modo.
464 671 624 736 pridie
664 669 915 736 chirurgia
954 670 1228 720 curandum
1259 685 1287 719 a
1318 685 1440 720 cena
1472 677 1522 720 et
1552 673 1664 721 vino
1704 671 1811 721 abs-

121 744 325 812 tinebis,
375 751 426 794 et
469 744 752 794 lucescente
801 744 880 794 die
932 745 1142 810 simplici
1190 745 1506 794 consectione
1547 744 1812 795 divisuram

118 818 280 869 dabis:
320 834 433 868 nam
466 817 815 884 Graeci'aplen
848 819 1063 868 dieresin
1096 824 1286 868 vocant.
1350 825 1400 868 et
1432 834 1545 868 cum
1578 819 1813 868 saniolam

120 893 369 959 effuderis,
406 908 466 941 ex
495 898 707 958 utraque
741 894 976 942 sectionis
1006 899 1147 958 parte
1173 891 1477 942 sufficientes
1507 893 1775 958 particulas
1802 888 1807 961 Ι
1837 906 1880 938 ιο

40 974 51 982 ’
120 967 339 1032 ausereS‚
386 973 443 1016 ut
487 967 539 1015 in
587 966 960 1016 similitudinem
1006 966 1110 1016 folii
1155 966 1283 1015 lauri
1329 973 1415 1016 aut
1460 973 1647 1032 myrtae
1696 969 1810 1016 arti·
1829 989 1868 1021 p.
1894 978 1959 1012 176

119 1042 231 1090 ficio
279 1055 453 1089 manus
501 1039 730 1104 designes
777 1042 1063 1090 sectionem.
1138 1040 1225 1090 ubi
1264 1055 1380 1089 vero
1420 1039 1642 1090 membra
1681 1056 1811 1091 com·

118 1114 292 1180 plicari
329 1113 539 1180 videriS‚
577 1121 634 1163 ut
673 1114 884 1179 exempli
924 1129 1070 1163 causa
1107 1121 1222 1179 post
1260 1128 1432 1164 aurem
1475 1114 1551 1163 vel
1591 1113 1684 1163 sub
1725 1114 1812 1180 ala,

118 1190 387 1238 incisuram
420 1188 585 1255 facieS‚
616 1187 711 1237 hoc
745 1194 822 1237 est
852 1187 1116 1237 rotundam
1148 1203 1294 1252 quam
1327 1186 1503 1237 Graeci
1539 1188 1811 1253 strongylo-

119 1263 304 1311 tomian
358 1268 548 1311 vocant.
643 1267 762 1311 tunc
814 1263 961 1311 siccis
1012 1268 1061 1311 et
1106 1263 1411 1311 tenuissimis
1460 1261 1712 1311 lemniscis
1763 1268 1813 1311 et
1836 1274 1879 1307 15

118 1335 301 1385 tiltario
339 1335 505 1385 locum
551 1335 784 1401 calcabiS‚
833 1342 883 1385 et
929 1336 1143 1400 desuper
1176 1334 1360 1400 duplici
1398 1341 1646 1400 ptygmate
1686 1351 1811 1400 aqua

118 1409 294 1472 frigida
339 1409 416 1458 vel
460 1424 610 1474 posca
655 1409 820 1458 infuso
868 1411 1124 1474 cooperies
1172 1415 1223 1458 et
1269 1408 1431 1458 addita
1478 1411 1683 1474 spongia
1721 1409 1810 1459 hu-

118 1490 329 1533 mectata
358 1483 547 1548 ligabis
611 1483 697 1533 sed
729 1485 771 1532 si
810 1483 939 1532 forte
971 1498 1118 1532 causa
1150 1482 1311 1548 aliqua
1344 1498 1465 1532 vena
1497 1484 1707 1532 sectioni
1738 1485 1810 1532 in·

119 1559 335 1606 currerit
381 1564 431 1607 et
481 1558 679 1622 sanguis
734 1555 972 1607 abstineri
1019 1558 1220 1606 minime
1272 1558 1514 1623 potuerit,
1569 1556 1809 1606 chalciten

118 1630 329 1680 crudum
376 1638 427 1680 et
472 1633 646 1681 tritum
692 1646 910 1696 appones
958 1637 1007 1679 et
1053 1631 1161 1680 tilto
1207 1630 1372 1680 locum
1420 1629 1629 1679 calcabis
1670 1637 1719 1679 et
1757 1630 1810 1679 li·
1834 1644 1879 1677 20

240 1822 262 1860 1
297 1831 406 1862 vero
438 1831 520 1862 om.
554 1831 590 1861 0.
710 1822 737 1861 2
771 1817 1058 1873 cataplasma
1086 1830 1116 1873 9
1148 1817 1351 1871 (—mate
1383 1818 1469 1874 cp).
1623 1816 1808 1862 triticeo

116 1890 197 1932 912:
233 1890 344 1920 —co
377 1890 412 1920 0.
588 1881 613 1919 3
644 1875 938 1920 terebentina
966 1889 1036 1932 90,
1066 1875 1334 1920 terbentina
1356 1889 1407 1932 1).
1578 1876 1702 1933 quod
1733 1890 1808 1932 cp:

118 1948 260 1989 quam
292 1935 370 1989 (cf.
403 1936 465 1979 ad
493 1949 533 1980 v.
566 1937 620 1989 2)
651 1948 694 1990 9.
844 1935 1125 1979 maturanda
1154 1948 1183 1991 9
1216 1934 1376 1991 (-das
1407 1938 1494 1991 cp).
1638 1940 1664 1980 5
1695 1949 1809 1992 ypo-

118 1994 267 2037 crates
297 2007 365 2050 90,
394 2007 591 2050 ypocras
615 2007 665 2049 1ο.
849 1999 875 2038 6
906 1993 1205 2051 prognostico
1235 2007 1285 2050 9:
1318 1995 1597 2050 pronosticis
1628 2008 1672 2050 0,
1704 2009 1809 2051 pro-

118 2051 269 2096 nostic
289 2066 340 2109 1ο.
461 2053 663 2096 deducta
695 2053 799 2108 (sie)
831 2066 898 2109 90,
931 2053 1074 2097 ductu
1097 2067 1148 2109 1ο.
1272 2057 1298 2096 6
1340 2055 1460 2108 (etc.)
1493 2053 1730 2110 chirurgia
1758 2068 1807 2110 9:

117 2110 322 2168 cirurgia
352 2125 419 2168 cp.
575 2116 602 2155 8
635 2113 931 2156 consectione
954 2125 1052 2168 09οε
1086 2111 1373 2156 correctione
1402 2126 1446 2168 9,
1478 2113 1740 2157 corectione
1773 2127 1807 2168 0,

117 2170 408 2227 correptione
431 2184 482 2227 1ο.
634 2175 660 2213 9
693 2171 816 2215 Nam
846 2185 921 2228 9οε
961 2184 1101 2226 quam
1124 2185 1175 2227 1ο.
1331 2171 1472 2227 aplen
1503 2171 1704 2216 dieresin
1733 2186 1807 2228 91),

117 2229 355 2285 apellandi
385 2229 550 2274 cresim
582 2243 605 2273 0
637 2225 919 2287 (ἄπλοτομιά
951 2229 1056 2275 Gal.
1091 2229 1240 2284 XIV,
1272 2232 1395 2287 781).
1610 2235 1661 2274 11
1696 2231 1806 2275 arti-

116 2287 244 2332 ficio:
277 2287 458 2333 artificii
489 2294 540 2345 9<3
571 2288 723 2345 <—ci1·1
753 2291 869 2346 9020).
1050 2304 1112 2333 m.
1154 2287 1369 2345 designes
1407 2288 1610 2334 sectione
1648 2303 1699 2346 9,
1745 2305 1806 2334 m.

117 2346 322 2392 sectione
361 2347 574 2404 designes
613 2361 657 2402 0,
697 2363 757 2393 m.
796 2347 968 2392 ifril'ice
1008 2347 1224 2404 designes
1255 2362 1306 2403 1ο.
1490 2353 1546 2392 14
1588 2348 1703 2393 facis
1732 2362 1807 2406 91),

115 2405 231 2450 facit
260 2421 296 2452 0.
478 2406 920 2463 strongilocdomian
949 2420 999 2464 9,
1040 2406 1447 2463 strongilotomian
1477 2412 1536 2464 120
1579 2408 1674 2463 (sed
1704 2411 1809 2452 ante

116 2478 231 2509 corr.
271 2465 773 2523 strongiqualotomian
804 2467 880 2523 1ο),
926 2466 1220 2523 scrogdamia
1258 2479 1293 2510 0.
1479 2471 1532 2510 15
1565 2466 1695 2510 Tunc
1724 2479 1805 2523 912:

115 2524 251 2568 Nunc
282 2539 318 2570 0.
478 2529 532 2569 16
563 2523 715 2581 tigma
745 2526 784 2580 (t
814 2527 868 2569 in
897 2538 988 2569 ras.
1021 2526 1157 2579 corr.)
1187 2539 1229 2581 9,
1260 2524 1459 2581 tigmate
1483 2539 1534 2581 p,
1566 2524 1738 2581 stigma
1768 2538 1805 2569 0.

119 2588 173 2627 17
205 2583 361 2628 infusa
388 2597 487 2641 9⁰10·
610 2584 847 2640 cooperies
870 2598 926 2641 p:
962 2583 1170 2640 cooperis
1201 2598 1244 2640 9,
1278 2583 1429 2640 operis
1461 2598 1496 2628 0.
1645 2583 1807 2627 addita

115 2655 199 2688 om.
225 2657 274 2700 p.
396 2642 688 2687 humectabis
720 2645 768 2687 et
798 2642 969 2700 ligabis
993 2657 1028 2688 0.
1154 2646 1206 2686 18
1234 2656 1373 2688 causa
1402 2656 1452 2698 9:
1486 2657 1596 2686 casu
1627 2655 1682 2698 cp
1714 2643 1807 2698 (sed

116 2700 275 2758 aliqua
296 2701 413 2759 901⁰)·
535 2701 751 2746 sectioni:
784 2701 987 2746 sectione
1010 2716 1079 2758 90,
1110 2715 1192 2746 om.
1210 2716 1261 2758 p.
1386 2706 1439 2745 19
1473 2699 1698 2745 abstineri
1729 2714 1803 2756 cp:

117 2775 225 2805 -re
255 2775 297 2817 9.
440 2760 615 2818 poterit
637 2774 688 2816 p.
827 2760 1028 2806 calciten
1060 2774 1158 2818 ycp.
1295 2764 1352 2804 20
1384 2760 1519 2804 tiltus
1541 2773 1589 2816 9,
1623 2758 1735 2803 tiltsx
1767 2772 1804 2814 0,

116 2819 222 2863 ‘eutii
246 2834 296 2876 p.
