2004 3186
831 102 1238 155 -164—

187 227 436 278 doluerint
490 233 541 277 et
595 232 740 291 sputa
795 223 1169 289 sanguinolenta
1212 226 1487 276 emiserint.
1563 225 1642 275 dia
1689 225 1880 289 codyon

142 325 147 328 >
188 301 512 351 electuarium
557 300 843 365 vespertino
890 303 1113 363 tempore
1169 297 1322 348 dabis,
1398 297 1549 348 habet
1601 301 1734 349 enim
1787 298 1882 346 vir-

188 382 347 425 tutem
385 373 588 424 tollendi
626 372 917 439 pleureticis
956 370 1179 421 dolorem
1217 378 1267 421 et
1299 387 1528 423 somnum
1565 370 1880 438 provocandi,

191 448 324 514 quod
364 447 538 497 Graeci
563 446 838 512 *anodynon
876 446 1126 511 ypnopion
1165 445 1351 495 dicunt.

149 590 169 622 5
496 578 680 629 LXVII.
741 578 822 627 Ad
862 579 1029 628 canis
1068 577 1264 628 rabidi
1303 593 1574 628 morsum.

340 684 396 733 In
456 685 652 749 primis,
714 682 808 731 hoc
870 688 948 731 est
995 683 1047 730 in
1100 683 1376 747 praesenti,
1438 696 1659 732 morsum
1720 684 1883 748 ipsum

192 757 471 808 medicinali
520 756 751 822 scalpello
798 757 988 805 circum
1040 755 1229 805 incides
1287 762 1626 820 competenter
1680 762 1732 806 et
1784 755 1884 806 sale

193 835 407 881 contrito
456 845 688 896 asperges
750 836 800 879 et
846 830 1168 894 sanguisugas
1217 835 1267 878 et
1313 827 1598 879 cucurbitas
1652 845 1883 896 appones,

193 905 446 955 attrahunt
478 906 609 954 enim
641 918 886 953 venenum
919 905 1146 968 sanguini
1177 904 1312 952 canis
1345 905 1681 954 commixtum.
1737 905 1885 955 etiam

127 989 171 1021 10
194 985 244 1029 et
283 987 483 1028 cautere
522 977 702 1028 vulnus
740 978 934 1043 inureS‚
982 992 1079 1042 quo
1127 978 1286 1043 possit
1325 991 1475 1042 supra
1514 977 1702 1027 dictum
1739 992 1884 1029 vene-

193 1067 314 1102 num
361 1068 473 1102 cum
520 1066 682 1118 scara,
729 1066 876 1115 quam
921 1065 1012 1099 nos
1060 1057 1278 1100 crustam
1325 1050 1535 1100 dicimus
1548 1089 1561 1113 ‚
1604 1053 1656 1100 in
1712 1053 1886 1103 eodem

192 1126 302 1176 loco
333 1127 563 1193 retineri,
602 1140 663 1174 ne
709 1126 999 1190 sanguinem
1037 1124 1385 1190 persequendo
1425 1140 1584 1190 usque
1625 1126 1685 1175 ad
1725 1127 1887 1177 vitalia

194 1215 340 1249 omne
381 1215 563 1264 corpus
601 1198 811 1249 invadat.
888 1204 938 1248 et
983 1199 1091 1264 ipsa
1129 1197 1334 1248 vulnera
1381 1200 1688 1263 appositione
1734 1201 1887 1251 medi-

195 1279 537 1323 camentorum
575 1274 823 1322 acriorum
863 1272 1016 1322 multo
1064 1279 1289 1337 tempore
1338 1272 1579 1339 servabiS,
1628 1289 1786 1339 usque
1826 1274 1888 1324 ad

130 1359 172 1391 15
195 1346 280 1395 XL
326 1347 457 1396 diem
502 1347 579 1395 vel
626 1361 684 1395 eo
732 1345 955 1411 amplius
1024 1352 1282 1411 praeterea
1325 1347 1476 1411 piscis
1525 1346 1640 1397 salsi
1687 1362 1887 1398 carnem

195 1422 363 1471 tritam
402 1420 595 1470 vulneri
633 1434 866 1485 appones,

345 1494 758 1544 medicamentum
813 1493 959 1542 aliud.
1036 1508 1190 1543 nuces
1246 1492 1508 1543 combures
1563 1501 1613 1544 et
1668 1510 1728 1544 ex
1780 1497 1889 1560 ipsa

197 1568 357 1618 favilla
388 1583 503 1617 cum
543 1573 681 1617 aceto
714 1566 1111 1633 cataplasmabiS,
1151 1574 1201 1617 et
1237 1567 1452 1632 desuper
1492 1570 1695 1633 spongia
1734 1569 1885 1619 madi-

197 1641 309 1691 data
349 1643 543 1707 operies
584 1647 633 1690 et
672 1640 964 1690 fasciolabis.
1025 1646 1075 1689 et
1107 1655 1135 1690 a
1164 1642 1277 1690 vino
1310 1647 1360 1690 et
1392 1641 1621 1690 omnibus
1653 1641 1886 1692 carnibus

130 1728 175 1760 20
198 1722 249 1765 et
301 1714 633 1780 leguminibus
688 1720 945 1779 aegrotum
999 1713 1282 1764 abstinebis,
1359 1729 1560 1779 poscam
1607 1730 1723 1764 vero
1772 1715 1886 1766 sub-

198 1804 361 1839 acram
394 1790 585 1839 diurnis
618 1787 792 1838 diebus
823 1803 915 1853 per
947 1788 1051 1838 dies
1083 1803 1292 1838 numero
1326 1786 1408 1836 XL
1440 1787 1703 1838 bibendam
1734 1789 1888 1858 dabis,

320 1965 343 2004 1
377 1960 510 2005 diaeo
542 1959 773 2004 diomelae
805 1973 849 2015 σ,
890 1958 1140 2004 diacodion
1171 1960 1295 2004 elact
1317 1973 1367 2015 Ρ.
1489 1965 1516 2004 3
1548 1961 1818 2018 pleuretieis
1851 1975 1890 2016 c,

196 2018 423 2077 pleuretis
447 2033 497 2076 Ρ.
649 2023 677 2062 4
708 2018 881 2063 anodisi
914 2018 1078 2076 eeipon
1109 2031 1152 2074 σ,
1195 2019 1430 2064 anodinon
1462 2023 1665 2075 cepnson
1687 2034 1738 2076 Ρ.
1861 2025 1886 2065 5

197 2078 274 2122 Ad
303 2077 454 2122 tabidi
481 2077 586 2133 (sic)
618 2078 745 2122 oanis
776 2092 984 2122 morsum
1015 2091 1058 2122 c:
1089 2091 1182 2134 Ρνο
1220 2079 1290 2122 tit.
1330 2079 1383 2122 in
1422 2082 1549 2123 textu
1579 2079 1889 2124 Medicamen-

197 2139 301 2182 tum
332 2138 376 2191 Bc
398 2151 450 2193 Ρ,
488 2137 541 2180 in
570 2149 711 2192 mary.
745 2141 803 2192 100
841 2136 898 2181 de
936 2150 1093 2181 morsu
1140 2136 1267 2181 canis
1307 2136 1481 2182 rabiosi
1520 2137 1612 2191 (Ad
1650 2137 1778 2182 canis
1817 2152 1890 2182 ra-

198 2195 301 2240 bidi
329 2210 508 2240 morsus
539 2196 635 2239 ind.
661 2196 730 2251 Ρ).
853 2200 878 2239 7
912 2195 1039 2239 circu
1069 2194 1217 2239 icides
1242 2209 1278 2250 σ,
1312 2197 1485 2240 circum
1516 2196 1597 2240 des
1619 2210 1669 2252 Ρ.
1791 2198 1886 2242 sale

198 2254 455 2300 contritum
486 2267 529 2308 σ,
564 2254 711 2297 salem
741 2253 907 2298 tritum
929 2268 979 2310 Ρ.
1126 2259 1153 2298 8
1186 2268 1404 2311 aspergas
1427 2268 1479 2310 Ρ.
1623 2255 1818 2312 apponis
1851 2271 1884 2301 σ,

201 2319 227 2358 9
261 2313 386 2358 enim
417 2327 499 2358 om.
533 2327 569 2358 σ.
691 2312 879 2370 sanguis
911 2312 1018 2357 cani
1044 2313 1149 2367 (sic)
1183 2326 1226 2369 σ,
1259 2314 1384 2358 canis
1416 2313 1631 2371 sanguini
1653 2328 1706 2369 Ρ.
1834 2320 1888 2360 10

200 2373 251 2418 et
280 2385 365 2418 om.
390 2386 439 2429 Ρ.
563 2372 740 2416 canteri
770 2386 806 2416 σ.
927 2371 1071 2416 inuris
1105 2375 1143 2428 (i
1169 2372 1316 2416 urinis
1339 2373 1379 2429 σ)
1414 2385 1481 2428 σΡ.
1603 2387 1715 2429 quo:
1749 2373 1828 2429 qui
1851 2388 1889 2431 c,

201 2431 329 2488 quod
351 2445 401 2488 Ρ.
527 2435 579 2474 11
613 2444 743 2475 scara
774 2444 817 2486 σ,
857 2431 1021 2475 schara
1043 2445 1094 2487 Ρ.
1218 2436 1271 2475 13
1311 2431 1468 2476 ulcera
1490 2446 1541 2489 Ρ.
1667 2437 1721 2476 14
1750 2433 1891 2477 multi

200 2493 280 2547 tpr
311 2503 346 2535 σ.
470 2494 525 2534 15
549 2489 630 2534 XL
648 2503 708 2546 p:
741 2503 825 2535 om.
851 2504 887 2534 σ.
1008 2489 1120 2534 salsi
1134 2504 1191 2547 p:
1226 2490 1319 2534 assi
1342 2504 1376 2535 σ.
1503 2496 1556 2536 17
1581 2490 1890 2536 medicamen-

200 2550 304 2593 tum
335 2562 419 2594 om.
445 2547 554 2606 (ΑΓ)
571 2562 609 2605 Ρ
641 2550 844 2605 (appone
868 2549 1261 2594 medicamentum
1290 2549 1433 2593 Aliud
1460 2550 1626 2595 misces
1652 2564 1689 2596 c.
1722 2554 1800 2595 etc.
1833 2553 1888 2607 c).

203 2610 253 2653 et
282 2621 366 2655 om.
391 2622 441 2664 Ρ.
588 2611 642 2651 19
675 2620 703 2651 a
727 2621 787 2664 Ρ.·
817 2621 901 2655 om.
934 2621 969 2653 σ.
1114 2613 1171 2653 20
1201 2614 1345 2665 posca
1374 2613 1434 2653 ῦό
1466 2609 1682 2654 subaram
1716 2610 1821 2665 (sie)
1852 2623 1890 2664 c,

200 2679 316 2740 p⁹ca
351 2679 382 2738 ii
428 2681 488 2742 sb'
531 2667 632 2740 asim
680 2682 750 2739 (in
784 2695 926 2739 marq.
952 2687 1011 2739 pc
1048 2686 1069 2726 ῑ
1108 2679 1136 2726 ἃ
1173 2683 1284 2739 p00a
1324 2683 1410 2727 sub
1443 2684 1567 2740 acra)
1601 2696 1651 2739 Ρ.
1831 2687 1887 2727 21

203 2754 433 2799 diuturnis
457 2770 516 2812 Ρ,
547 2749 700 2800 diis'nis
733 2770 769 2800 σ.
889 2769 972 2812 per
996 2755 1094 2801 dies
1121 2756 1201 2800 XL
1234 2754 1439 2801 bibendi]
1471 2756 1603 2801 dabis
1627 2769 1665 2811 e,
1696 2770 1888 2801 numero

204 2813 446 2872 sexaginta
477 2814 609 2860 dabis
640 2814 845 2860 bibenda
868 2828 919 2871 Ρ.
