2004 3186
780 136 849 143 —
932 70 1036 160 11⁸5
1111 138 1183 145 -

239 283 400 335 XLVI.
462 285 540 334 Ad
581 300 645 334 ea
684 300 834 350 quae
875 287 1109 335 vesicae
1150 286 1452 354 accidunt,
1492 304 1638 353 quae
1679 306 1704 339 a

135 358 383 408 Graecis
431 365 819 424 symptomata
866 359 1270 426 appellantur,
1317 376 1423 410 nos
1469 377 1612 411 vero
1660 366 1813 414 acci-

554 432 756 482 dentia
796 432 999 482 dicere
1038 435 1387 498 poterimus

282 535 515 586 Omnium
553 536 825 601 logicorum
866 538 1147 586 testimonio
1179 543 1354 587 natura
1386 540 1575 588 vesicae
1607 554 1814 589 nervosa

130 609 400 676 iudicatur,
455 623 580 675 quae
636 609 729 660 sub
782 611 972 675 ingenti
1016 611 1337 676 perfrictione
1388 619 1472 661 aut
1516 612 1698 677 frigore
1754 613 1812 662 ab
1835 626 1856 658 5

129 683 337 733 humore
387 698 635 734 venenoso
690 690 740 733 et
794 683 1011 733 mordaci
1057 691 1280 735 nocetur.
1352 682 1555 750 (quod)
1606 688 1813 736 maxime

129 759 238 807 lieri
292 757 417 807 solet
463 757 692 807 cachexia
738 756 1076 808 laborantibus
1122 758 1171 808 id
1219 766 1296 808 est
1348 758 1473 808 mala
1526 759 1813 810 habitudine

129 834 366 897 corporis,
435 846 551 881 oros
598 833 731 881 enim
778 834 1052 900 sanguiniS‚
1098 834 1183 897 qui
1228 832 1377 882 latine
1429 847 1598 882 serum
1651 833 1813 899 appel-

126 905 271 972 latur,
302 907 388 971 qui
420 921 480 955 ex
512 907 749 971 sanguine
782 921 873 971 per
903 921 1076 956 venam
1108 908 1264 972 epatis
1296 906 1599 972 depurgatur
1631 909 1813 957 mixtus

128 978 228 1029 felli
280 980 392 1030 ruso
448 979 755 1030 descendens
812 982 1002 1030 vesicae
1057 980 1386 1030 ulcerationes
1434 982 1690 1030 universas
1736 981 1813 1030 vel
1838 994 1879 1026 10

127 1055 418 1119 asperitates
458 1062 543 1104 aut
588 1053 889 1104 debilitatem
938 1056 1108 1104 nutrit.
1178 1054 1308 1104 unde
1349 1069 1520 1104 omnes
1557 1056 1811 1120 passiones

126 1129 316 1177 vesicae
347 1127 534 1178 difficili
566 1130 820 1178 curatione
852 1128 1128 1178 medentur.
1185 1135 1301 1178 sunt
1331 1143 1447 1178 vero
1478 1130 1813 1194 suprascripta

126 1201 397 1252 accidentia
442 1202 719 1269 periculosa
765 1202 983 1252 ischuria
1030 1202 1078 1252 id
1128 1209 1203 1251 est
1249 1217 1309 1251 ex
1354 1209 1458 1252 toto
1507 1204 1678 1252 urinae
1729 1201 1811 1251 ab·

126 1277 381 1342 stinentia‚
420 1283 471 1326 et
502 1276 701 1342 dysuria
731 1276 781 1326 id
813 1283 889 1326 est
923 1278 1093 1325 urinae
1126 1275 1408 1343 difficultaS,
1452 1283 1502 1325 et
1534 1277 1811 1341 stranguria

124 1349 171 1397 id
214 1356 290 1398 est
329 1351 501 1400 urinae
539 1350 773 1416 paulatim
810 1365 902 1415 per
941 1356 1103 1415 guttas
1143 1349 1374 1398 exclusio.
1756 1386 1762 1389 1
1835 1362 1877 1395 15

246 1557 268 1595 1
301 1551 375 1595 Ad
406 1565 485 1595 ves
487 1550 559 1596 ice
589 1551 828 1608 passiones
853 1556 910 1595 46
935 1564 973 1606 c,
1005 1551 1076 1595 Ad
1109 1564 1165 1595 ea
1196 1564 1285 1606 que
1312 1550 1493 1595 vescice
1525 1549 1743 1594 accidunt
1757 1563 1810 1606 Ρ,

126 1610 216 1667 (Ad
255 1610 409 1656 vesice
441 1610 649 1656 dolorem
687 1611 783 1656 ind.
816 1613 885 1667 Ρ).
954 1611 1116 1655 deinde
1153 1610 1286 1665 quasi
1324 1624 1355 1653 a
1391 1613 1540 1653 textus
1578 1609 1712 1652 initio
1742 1621 1809 1653 se-

123 1673 329 1726 quuntwr
362 1670 522 1714 veteris
552 1670 679 1714 tituli
709 1670 846 1714 verba
876 1669 945 1713 De
978 1668 1050 1713 his
1084 1681 1174 1726 que
1192 1667 1343 1712 vesice
1368 1667 1585 1736 accidunt
1608 1681 1734 1723 que.

123 1729 420 1786 appellantur
457 1732 536 1774 etc.
578 1742 622 1784 e,
654 1730 721 1773 sie
758 1732 936 1773 mutata
974 1729 1026 1772 in
1057 1741 1115 1784 Ρ;
1155 1725 1225 1770 Ea
1262 1741 1351 1783 que
1389 1725 1541 1771 vesice
1577 1701 1811 1771 accidunt.

122 1789 232 1845 (que
263 1790 365 1845 om.)
399 1801 428 1831 a
458 1787 606 1844 grecis
637 1803 671 1832 s.
705 1801 812 1844 app.
977 1792 1002 1832 2
1036 1787 1334 1843 simptomata
1364 1799 1408 1839 c,
1448 1784 1736 1830 sinthomata
1759 1799 1807 1841 Ρ.

123 1851 149 1890 3
182 1846 380 1892 dicimus
413 1861 448 1891 c.
569 1851 598 1890 4
628 1845 888 1903 logicorum
905 1859 962 1902 Ρ·
996 1859 1078 1890 om.
1113 1859 1147 1890 c.
1269 1846 1437 1889 natura
1469 1870 1522 1875 —
1555 1843 1805 1888 iudicatur.

123 1920 280 1964 matos
313 1920 466 1965 vesice
497 1934 663 1966 nervos
683 1920 888 1964 idicatur
912 1932 950 1974 c,
980 1919 1138 1964 vesica
1169 1934 1258 1963 11111
1290 1920 1359 1975 (in
1381 1931 1523 1974 ntary,
1542 1922 1600 1973 Pe
1623 1918 1808 1971 natura)

121 1992 316 2024 nervosa
345 1978 582 2023 iudicatur
605 1993 655 2036 Ρ.
778 1983 804 2023 5
837 1979 923 2023 sub
954 1991 998 2023 c.
1032 1978 1092 2022 ab
1116 1992 1166 2035 Ρ.
1285 1979 1382 2035 ing.
1406 1975 1703 2034 perfrictione
1727 1978 1810 2020 aut

122 2037 295 2095 frigore
327 2051 351 2084 e
379 2039 505 2093 (item
536 2038 708 2083 Petroc.
733 2051 784 2094 Ρ.
817 2041 955 2094 265)ε
995 2036 1089 2095 ing.
1123 2037 1295 2095 frigore
1321 2051 1372 2094 Ρ.
1523 2035 1603 2080 ab:
1641 2036 1723 2079 aut
1754 2048 1809 2090 cp

120 2097 305 2152 (Pam).
486 2102 512 2141 6
557 2100 605 2142 et
635 2111 695 2155 p:
735 2098 819 2141 aut
858 2110 881 2141 c
918 2096 1093 2154 (Petr.).
1274 2096 1420 2163 (111ο(1ἰ
1450 2096 1539 2140 hoc
1563 2108 1622 2151 Ρ,
1654 2107 1736 2138 om.
1770 2107 1807 2138 c.

122 2156 243 2200 solet
279 2155 481 2201 maxime
506 2170 556 2213 Ρ.
710 2160 737 2201 8
771 2169 896 2201 oros:
939 2157 1005 2201 sie
1035 2168 1104 2212 cp.
1256 2153 1496 2213 sanguinis
1529 2179 1584 2186 —
1615 2166 1722 2210 app.
1747 2166 1806 2208 Ρ.

122 2214 395 2272 sanguinem
434 2229 520 2272 pro
558 2215 780 2260 latitudle
811 2215 911 2259 feru
943 2215 1176 2271 apellatur
1207 2229 1242 2260 c.
1410 2220 1436 2259 9
1467 2227 1550 2270 per
1579 2228 1621 2258 v.
1655 2211 1804 2269 epatis

123 2287 146 2318 c
170 2274 355 2330 (Patr).
381 2288 527 2319 exuea
551 2276 766 2332 separato
784 2288 834 2331 Ρ.
959 2279 1014 2319 10
1036 2274 1154 2319 ruffo
1179 2288 1221 2319 e.
1247 2287 1329 2318 suo
1346 2287 1398 2330 Ρ.
1519 2272 1740 2316 descensu
1755 2284 1806 2327 Ρ.

121 2348 163 2378 v.
189 2333 428 2378 universas
450 2334 541 2381 ulc.
558 2348 609 2390 Ρ.
719 2338 773 2378 12
800 2349 846 2391 p.
870 2348 914 2378 v.
942 2332 1203 2378 curationes
1227 2332 1441 2377 difficiles
1465 2331 1740 2388 ingerunt-m·
1756 2343 1805 2385 Ρ.

124 2405 243 2450 Sunt
273 2406 397 2450 enim
429 2407 695 2464 supradicta
724 2421 774 2464 Ρ,
807 2407 855 2452 Si
885 2420 995 2452 vero
1028 2407 1122 2452 suis
1155 2408 1264 2464 (pro
1287 2406 1371 2472 SS)
1402 2419 1438 2450 c.
1569 2409 1623 2448 13
1655 2403 1807 2448 scuria

122 2466 229 2519 (—a
252 2468 292 2522 c)
317 2478 371 2522 οΡ
396 2465 572 2523 (Simon
596 2482 630 2511 s.
648 2465 840 2523 „Scutia
862 2466 916 2511 ut
931 2466 1072 2512 Cassi.
1097 2466 1155 2511 fe.
1178 2464 1356 2511 vessice
1379 2463 1533 2522 passio
1562 2477 1595 2507 s.
1621 2462 1805 2518 quando

122 2525 279 2569 extoto
319 2524 575 2582 denegatur
613 2524 744 2570 1111118
785 2525 936 2570 exitus
975 2527 1062 2570 etc.
1066 2527 1094 2550 “
1147 2525 1203 2593 cf.
1240 2525 1362 2569 Petr.
1391 2537 1439 2580 Ρ.
1471 2522 1598 2578 265).
1749 2524 1804 2563 14

122 2582 297 2627 disuria
328 2584 435 2639 (——a
466 2586 593 2641 c)ep
792 2590 847 2630 15
879 2599 923 2642 p.
955 2599 1002 2641 p.
1034 2599 1078 2642 g.
1111 2585 1242 2628 urine
1274 2582 1475 2628 exclusio
1503 2595 1550 2637 Ρ.
1729 2593 1804 2622 ex·

122 2641 374 2687 elusionem
414 2644 585 2700 gignfit
623 2644 727 2699 (sic)
767 2657 947 2688 morsus
991 2645 1039 2687 et
1068 2642 1294 2688 ulceratio
1326 2655 1382 2686 ex
1413 2637 1726 2684 antecedentis
1757 2637 1802 2680 h.

122 2701 337 2746 acredine
368 2701 469 2746 fieri
502 2702 655 2747 solet.
721 2716 800 2759 .,e
834 2702 1051 2748 exclusio.
1115 2716 1171 2746 ex
1202 2698 1517 2746 antecedentis
1548 2698 1592 2741 h.
1625 2710 1665 2742 a.
1699 2709 1804 2740 con-

119 2762 216 2862 gig
232 2760 321 2863 <eti
354 2760 580 2806 ulceratio
619 2761 725 2806 add.
767 2761 918 2820 corr.)
957 2761 1007 2804 et
1037 2761 1168 2806 dolor
1206 2762 1253 2805 et
1283 2771 1462 2804 morsus
1503 2759 1548 2800 et
1579 2754 1803 2800 ulceratio

153 2818 218 2863 eri
251 2833 302 2864 so
323 2821 405 2865 et.
471 2834 548 2875 Ρ..

1479 2889 1540 2933 8*
