2004 3186
837 115 1199 167 ...88-

173 246 314 288 aceto
369 237 508 287 dabis
568 236 808 302 frigidam.
901 235 1063 285 hieme
1116 250 1233 284 vero
1295 234 1511 300 tepidam
1573 250 1687 284 cum
1747 236 1861 285 vino

174 313 385 376 styptico
433 310 593 377 dabis,
640 317 689 360 et
735 318 900 360 cetera
947 323 1071 374 quae
1119 309 1346 358 similiter
1393 309 1734 373 constringere
1784 308 1860 358 vel

174 384 517 450 conglutinare
556 385 762 449 possint.

323 459 470 507 etiam
502 465 552 507 et
588 459 816 523 potiones
848 458 1124 522 aptissimas
1155 455 1294 506 dabis
1334 471 1458 520 quae
1490 454 1682 505 valeant
1713 470 1862 505 venas

129 542 152 574 5
176 531 538 598 conglutinare,
577 537 635 581 ut
674 538 750 580 est
786 530 1017 596 polygoni
1054 529 1235 579 herbae
1275 530 1478 579 radicis:
1518 529 1768 594 decoques
1809 530 1861 578 in

7 848 51 880 p.
77 835 144 869 174

175 620 300 669 aqua
339 620 497 669 usque
537 604 597 654 ad
635 606 834 655 tertiam
871 610 1063 669 partem
1099 610 1151 653 et
1187 603 1338 653 addes
1377 605 1560 653 cummi
1599 602 1862 668 diligenter

173 680 346 728 tritum
395 678 662 728 sufficienti
716 678 884 743 mod0,
938 684 989 726 et
1039 679 1179 742 potui
1233 676 1370 726 dabis
1423 677 1585 726 hieme
1639 675 1862 741 tepidum

175 758 359 801 aestate
398 751 646 816 frigidum.
709 751 854 801 aliud.
915 752 1163 816 pumicem
1193 750 1429 800 leviorem
1461 757 1546 800 aut
1575 765 1671 800 run
1711 751 1862 815 syria·

176 840 289 875 cum
328 828 378 874 in
418 828 531 874 vino
567 826 574 887 Ι
609 832 807 875 austero
848 824 1095 889 decoques
1129 826 1181 873 in
1221 824 1399 874 cacabo
1438 839 1565 873 novo
1604 830 1654 874 et
1686 823 1862 873 exinde

106 910 150 942 10
173 900 352 948 ieiunis
406 900 657 964 potionem
715 914 864 948 unam
918 904 969 948 et
1021 897 1224 947 alteram
1279 898 1338 947 ad
1392 912 1648 963 vesperam
1709 897 1864 964 dahis,

104 1278 148 1309 15

176 971 404 1022 similiter
443 978 626 1022 aestate
666 972 893 1038 frigidam
933 971 1095 1021 hieme
1135 971 1365 1037 tepidam.
1428 971 1573 1021 aliud.
1643 977 1864 1036 gesaster

173 1053 224 1095 et
270 1045 481 1111 amylum
529 1061 644 1095 cum
689 1061 838 1112 posca
883 1047 1225 1111 propinantur.
1294 1045 1439 1095 aliud.
1509 1046 1702 1110 ptisana
1749 1059 1863 1095 cum

172 1118 314 1184 adipe
369 1121 570 1184 caprino
625 1126 840 1169 recente.
925 1116 1127 1184 <aliud>
1185 1119 1382 1184 symfyti
1440 1118 1623 1168 herbae
1677 1117 1860 1168 radicis

172 1194 332 1242 siccae
386 1200 555 1260 partes
601 1194 745 1260 duaS‚
796 1201 1076 1258 gesasteros
1122 1199 1173 1242 et
1219 1192 1363 1257 amyli
1407 1198 1575 1258 partes
1622 1191 1863 1257 singulas:

172 1265 311 1315 dahis
358 1266 656 1316 coclearium
701 1283 857 1316 unum
904 1281 1019 1317 cum
1064 1281 1190 1332 aqua
1236 1266 1433 1331 frigida,
1481 1265 1643 1315 hieme
1684 1265 1863 1331 tepida.

174 1339 305 1389 aliud
350 1341 476 1405 picis
523 1342 682 1390 siccae
729 1347 898 1406 partes
943 1340 1087 1407 duaS‚
1143 1339 1412 1405 specularis
1468 1341 1617 1389 assati
1669 1346 1862 1404 partem

173 1427 323 1462 unam
362 1420 495 1463 teres
535 1421 585 1464 et
623 1414 798 1463 exinde
845 1416 1012 1464 ieiuno
1052 1413 1190 1464 dabis
1229 1413 1526 1463 coclearium
1562 1428 1717 1462 unum
1761 1414 1863 1463 sive

171 1485 335 1536 hieme
375 1489 476 1536 sive
517 1494 700 1537 aestate
741 1503 854 1538 cum
899 1502 1049 1553 posca
1097 1487 1286 1553 frigida.
1356 1487 1501 1537 aliud.
1572 1486 1862 1551 diasfongon

171 1560 232 1609 ad
280 1562 473 1610 narium
521 1563 772 1626 sanguinis
818 1561 1006 1611 fluxum
1061 1561 1287 1611 similiter
1333 1562 1575 1626 scriptum
1630 1562 1862 1625 superius

292 1810 314 1848 1
348 1805 456 1850 vino
490 1804 681 1862 stiptico
713 1818 789 1863 cp:
833 1805 1023 1862 stipfico
1055 1803 1199 1863 <vino
1232 1806 1338 1850 add.
1372 1818 1486 1851 corr.
1520 1806 1640 1852 inter
1670 1805 1788 1864 lin.)
1818 1819 1860 1862 9,

169 1869 195 1908 3
238 1866 434 1920 possunt·
471 1869 576 1909 ante
615 1878 730 1909 corr.
768 1877 810 1921 9.
994 1869 1020 1908 5
1059 1866 1114 1908 ut
1153 1866 1225 1910 est
1263 1865 1323 1921 (ὃ)
1364 1879 1442 1922 9ο,
1478 1866 1534 1909 ut
1571 1865 1678 1909 sunt
1720 1866 1778 1921 (ἓ)
1809 1879 1861 1921 p.

166 1923 229 1977 cf.
264 1923 386 1968 Petr.
413 1937 464 1979 p.
496 1927 620 1978 226,
652 1927 734 1970 22.
915 1923 1151 1980 poligonis
1191 1926 1351 1980 (supra
1387 1929 1438 1981 90
1475 1923 1527 1967 13
1567 1923 1862 1981 corrigiolae)

168 1981 342 2026 herbae
365 1981 546 2026 radices
561 1996 591 2039 9
615 1981 859 2039 (poligomi
882 1983 969 2027 he?
991 1981 1127 2027 radix
1144 1997 1180 2040 c,
1203 1983 1411 2040 poligoie
1435 1982 1579 2028 herbe
1602 1983 1772 2028 radicis
1788 1984 1861 2039 p).

168 2041 354 2085 eandem
371 2041 603 2097 potionem
625 2041 758 2085 habet
780 2040 856 2085 Ps.
883 2041 986 2085 Gal.
1001 2041 1100 2085 -XI
1107 2041 1159 2096 V,
1185 2045 1277 2086 365
1300 2045 1506 2098 (capon).
1615 2047 1642 2086 6
1667 2042 1861 2086 cummi:

168 2098 404 2144 cuminum
434 2113 485 2156 9,
519 2099 742 2144 ciminum
764 2113 823 2156 10,
856 2099 964 2144 —ni
995 2113 1030 2145 c.
1203 2106 1228 2145 7
1262 2100 1570 2145 sufficientem
1601 2101 1792 2145 modum
1823 2114 1861 2147 c.

165 2177 198 2217 8
227 2162 458 2230 Ρὸωιεεω
489 2187 532 2230 9.
652 2187 727 2218 ros
757 2173 1044 2230 sy(i)riacum
1073 2187 1172 2230 901⁰·
1297 2178 1351 2217 11
1383 2174 1604 2231 frigidum
1631 2208 1641 2218 .
1669 2207 1678 2216 .
1706 2209 1717 2219 .
1739 2173 1860 2230 tepi-

166 2233 280 2276 dum
321 2246 419 2289 9⁰10·
602 2231 845 2277 Gesastere
882 2246 913 2289 9
944 2234 1104 2289 (supra
1141 2246 1335 2277 uuormo
1378 2233 1467 2289 90),
1510 2234 1750 2290 gesastera
1790 2246 1860 2289 ep,

167 2293 357 2335 ——terea
373 2296 444 2347 ΡΟ.
587 2295 641 2335 12
674 2291 887 2335 amilum:
918 2305 1064 2348 supra
1094 2291 1310 2349 similago
1340 2297 1402 2348 9⁰.
1554 2291 1862 2349 propinantur

166 2363 212 2395 c:
255 2353 452 2394 -natur
496 2364 569 2407 910.
754 2355 812 2394 13
856 2349 1005 2395 aliud:
1057 2352 1104 2395 et
1140 2364 1240 2407 9010·
1303 2351 1361 2406 cf.
1401 2363 1519 2395 mom.
1701 2349 1861 2395 simfiti

170 2408 339 2465 (—-fisti
371 2410 411 2465 c>
442 2422 540 2466 9010,
574 2408 786 2466 simphiti
809 2414 880 2466 100.
1053 2408 1234 2454 radices
1267 2414 1372 2454 ante
1403 2423 1517 2454 corr.
1548 2423 1590 2466 9.
1651 2410 1762 2454 haec
1789 2410 1860 2454 ita

165 2469 384 2512 distinxit
413 2482 471 2524 p:
521 2467 716 2513 Ptisana
760 2483 798 2513 c.
848 2468 922 2512 ad.
974 2481 1013 2513 c.
1061 2469 1110 2512 et
1156 2468 1366 2525 simphiti
1406 2469 1451 2512 h.
1496 2469 1610 2516 rad'.
1659 2469 1863 2513 contrita.

167 2527 455 2572 ccmedenda
479 2527 628 2573 datur.
683 2526 772 2571 ΑΓ.
829 2526 1040 2584 simphiti
1062 2527 1205 2572 herbe
1238 2527 1336 2571 rad'
1373 2527 1492 2572 sicce
1523 2529 1679 2584 partes
1709 2527 1753 2571 II
1777 2532 1856 2571 etc.

167 2586 224 2639 cf.
252 2586 371 2630 Petr.
389 2600 439 2642 p.
465 2589 579 2632 226.
705 2591 760 2630 14
790 2588 1051 2643 gesasteros
1079 2600 1181 2643 ycp,
1214 2587 1478 2632 -astereos
1501 2591 1560 2643 ΡΟ
1590 2588 1856 2643 (utsupra).

170 2650 223 2688 15
257 2658 363 2689 cum
394 2670 449 2677 —
482 2646 575 2702 (17)
616 2645 730 2689 cocl.
770 2659 913 2689 unum
957 2658 1039 2690 om.
1075 2658 1111 2691 c.
1294 2649 1348 2690 16
1381 2645 1594 2702 specular
1626 2644 1766 2689 assati
1796 2658 1858 2701 910

167 2705 226 2760 (et
264 2717 407 2760 supra
444 2709 494 2760 90
534 2706 668 2760 spat).
733 2705 786 2749 de
825 2705 979 2760 lapide
1015 2705 1243 2760 speculari
1286 2705 1342 2759 cf.
1384 2704 1488 2749 Gal.
1529 2703 1705 2757 XIII,
1749 2707 1855 2747 663.

169 2767 223 2806 18
256 2761 488 2829 diafrigon
518 2776 564 2820 9,
595 2762 673 2808 dia
704 2763 902 2820 sfongon
934 2777 971 2818 c,
1005 2763 1220 2820 diafr6g6
1250 2777 1295 2819 p.
1422 2768 1475 2807 19
1509 2762 1724 2806 similiter
1754 2767 1857 2818 post

165 2834 377 2877 superius
410 2836 476 2877 cp.
