2004 3186
844 141 1202 192 —1ssss

176 265 355 313 saetam
406 261 557 312 biduo
611 261 687 310 vel
733 260 898 316 triduo
946 260 1070 309 lacte
1127 262 1327 325 caprino
1382 261 1596 326 nutrieS‚
1651 267 1701 309 et
1753 266 1866 325 post

175 337 296 386 haec
337 335 589 385 adhibebis
630 334 872 383 adiutoria
910 335 1307 398 metasyncritica
1353 333 1403 382 id
1443 339 1518 382 est
1558 348 1682 397 quae
1722 349 1866 383 reno-

176 426 289 459 vare
336 409 526 458 valeant
574 410 864 473 temperiem
912 408 1136 472 corporis
1182 406 1482 472 naturalem,
1529 413 1585 455 ut
1629 413 1745 457 sunt
1783 407 1865 456 de-

177 485 433 533 siccatoria
481 487 805 547 sympasmata
852 479 927 528 vel
975 487 1140 530 cetera
1187 494 1311 543 quae
1359 479 1419 528 de
1461 479 1596 544 cyclo
1637 481 1866 545 superius

132 567 152 600 5
177 559 227 606 in
266 558 494 622 passione
536 557 709 620 capitis
749 555 1054 618 scripsimus.

599 687 743 736 VIIII.
807 686 886 734 Ad
927 685 1188 736 maculas
1227 687 1443 750 nigras,

324 790 537 839 Maculas
561 791 727 854 nigras
753 788 927 837 Graeci
952 788 1126 853 alphus
1152 789 1396 838 melaenas
1422 795 1609 838 vocant.
1656 805 1866 840 nascun-

178 873 259 915 tur
298 864 557 929 aliquando
596 865 647 912 in
687 862 825 911 vultu
865 862 1125 926 aliquando
1164 864 1215 912 in
1263 862 1478 912 brachiis
1518 863 1777 928 aliquando
1816 866 1868 913 in

176 946 280 988 toto
322 953 553 1003 corpore,
592 935 851 1000 aliquando
892 936 1059 985 fuscae
1100 936 1358 1001 aliquando
1397 938 1566 1002 nigrae
1607 937 1867 1002 aliquando

115 1024 157 1055 10
182 1027 382 1077 asperae
422 1010 574 1059 veluti
612 1025 868 1076 zernosae,
909 1025 1030 1073 quas
1071 1010 1246 1059 Graeci
1284 1009 1569 1060 lichenodes
1608 1010 1868 1076 appellant.

179 1101 239 1134 ex
278 1083 628 1134 melancholico
675 1083 884 1132 humore
931 1083 1216 1133 efficiuntur
1261 1083 1311 1132 id
1351 1090 1426 1133 est
1465 1099 1526 1133 ex
1565 1086 1693 1149 nigri
1741 1084 1868 1134 fellis

178 1158 516 1208 redundantia.

325 1238 589 1296 propterea
645 1232 697 1279 in
747 1232 991 1296 principio
1039 1232 1309 1280 curationis
1364 1231 1631 1281 cathartico
1687 1231 1868 1281 melan·

180 1305 423 1354 cholicum
456 1320 554 1353 non
588 1304 747 1354 solum
787 1303 940 1354 semel
972 1305 1059 1354 sed
1098 1305 1388 1370 frequenter
1425 1305 1675 1370 purgabis,
1738 1305 1869 1370 quod

114 1389 156 1421 15
181 1379 504 1429 catharticum
536 1378 767 1427 conficies
800 1380 886 1427 sic.
948 1378 1254 1444 epithymum
1292 1380 1533 1444 optimum
1571 1378 1622 1427 id
1663 1384 1738 1427 est
1769 1394 1870 1428 non

181 1454 570 1502 vetustissimum
619 1458 669 1501 et
716 1467 774 1501 ex
822 1452 944 1500 locis
991 1454 1249 1501 maritimis
1297 1459 1549 1517 sumptum
1597 1454 1868 1517 quantitate

182 1527 462 1575 semunciae
493 1526 515 1574 Ι
555 1526 803 1590 decoques
841 1528 893 1574 in
925 1541 1080 1590 aquae
1117 1526 1293 1575 calices
1324 1526 1524 1575 latiores
1564 1541 1771 1575 numero
1804 1526 1871 1574 [ΙΙ

182 1615 339 1664 usque
388 1600 447 1648 ad
495 1602 692 1649 tertiam
736 1605 950 1666 partem,
997 1606 1117 1649 tunc
1164 1599 1426 1664 diligenter
1471 1599 1682 1664 liquabis
1723 1606 1772 1649 et
1818 1601 1870 1649 in

182 1675 287 1738 ipsa
326 1672 613 1722 decoctione
653 1673 884 1722 miscebis
925 1673 1178 1738 oxymellis
1219 1673 1458 1722 coclearia
1495 1672 1564 1721 ΙΙΙ
1604 1679 1652 1722 et
1690 1675 1870 1723 ieiunis

117 1757 159 1789 20
184 1746 335 1796 dabis,
405 1753 455 1796 et
491 1754 605 1812 post
644 1747 748 1796 dies
793 1749 1098 1812 purgationis
1138 1746 1231 1795 alio
1278 1747 1637 1796 medicamento
1688 1746 1868 1810 uteris]

30 1815 158 1892 stag-9
182 1820 240 1869 ad
287 1820 502 1870 maculas
549 1822 715 1885 nigras
763 1828 813 1870 et
859 1836 1089 1870 zernosas
1137 1827 1186 1869 et
1233 1821 1292 1870 ad
1341 1819 1557 1869 maculas
1603 1821 1768 1885 nigras
1818 1823 1871 1870 in

182 1893 319 1943 vultu
351 1894 547 1943 feminis
579 1909 638 1943 ex
671 1894 926 1944 abortione
958 1894 1279 1960 praecedenti
1316 1894 1468 1943 factas
1499 1893 1576 1943 vel
1611 1893 1869 1944 adustione

297 2026 319 2064 1
354 2019 503 2064 nutris
527 2034 605 2076 pc.
757 2026 783 2064 2
817 2021 1063 2065 adhibebis
1096 2034 1120 2064 c
1151 2021 1330 2077 (Petr.):
1364 2019 1577 2065 adhibita
1603 2035 1652 2077 p.
1773 2035 1871 2067 me-

176 2080 250 2123 tas
284 2078 498 2123 incritica
514 2093 573 2135 p:
606 2079 807 2124 metasin
832 2078 1005 2124 cretica
1030 2093 1065 2122 c.
1187 2083 1216 2121 4
1248 2079 1571 2136 simplasmata
1594 2094 1670 2136 pc.
1793 2081 1871 2124 de-

178 2138 295 2182 ciclo
321 2152 372 2194 p,
405 2137 557 2181 decito
593 2139 693 2194 (sic)
726 2152 761 2182 c.
931 2143 955 2182 7
989 2138 1110 2182 alfus
1143 2137 1350 2182 melanas
1383 2152 1418 2193 c,
1452 2137 1570 2182 alfos
1601 2139 1808 2183 melenas
1831 2153 1869 2196 p

179 2197 363 2253 (alphos
405 2196 599 2241 meletos
636 2196 758 2241 Petr.
793 2211 828 2242 c,
862 2198 958 2253 25).
1114 2200 1168 2239 10
1200 2210 1363 2240 zenose
1395 2211 1430 2241 c.
1581 2197 1786 2242 licedo—es
1817 2212 1870 2254 p,

177 2255 388 2299 licedone
421 2270 456 2300 c.
611 2260 664 2298 11
698 2255 960 2300 efficiuntur
992 2255 1179 2312 (Petr.):
1213 2254 1414 2300 efficitur
1445 2270 1483 2311 c,
1515 2270 1597 2301 om.
1628 2270 1674 2312 p.
1815 2262 1868 2301 13

179 2313 455 2358 catarticum
478 2314 834 2359 melancolicum
849 2328 901 2371 p,
934 2314 1160 2358 catartico
1184 2314 1493 2360 melancolico
1521 2329 1556 2360 c.
1682 2318 1735 2358 15
1762 2329 1870 2360 con-

177 2373 277 2416 ficis
310 2387 333 2417 c
375 2373 562 2430 (Petr.),
610 2372 851 2418 conficitur
883 2387 934 2430 p.
1084 2373 1326 2429 Epithimfi
1352 2409 1360 2418 .
1389 2407 1399 2417 .
1427 2409 1436 2418 .
1463 2373 1697 2419 semuncie
1724 2409 1733 2417 .
1758 2376 1792 2418 I.
1833 2389 1869 2419 c.

178 2430 341 2488 Epithi
370 2431 479 2477 novi
507 2445 602 2476 non
633 2431 805 2477 veteris
837 2446 893 2476 ex
915 2432 946 2478 1.
971 2446 1031 2475 m.
1065 2431 1251 2476 collecti
1274 2435 1320 2486 ἡ
1351 2431 1394 2476 S.
1415 2446 1449 2488 p
1477 2434 1677 2488 (brevius
1711 2432 1869 2490 Petr.).

181 2495 235 2535 17
268 2491 499 2546 decoquas
523 2505 573 2546 p.
725 2504 848 2547 aqua
880 2490 1048 2536 calices
1067 2527 1075 2536 .
1094 2491 1174 2535 III.
1202 2505 1258 2548 p,
1298 2504 1423 2547 aqua
1461 2491 1629 2536 calices
1672 2491 1871 2537 laciores

180 2550 279 2606 (sic)
313 2554 406 2594 nuo
425 2585 434 2595 .
454 2549 532 2595 ΙΙΙ.
566 2564 601 2594 c.
754 2555 809 2595 18
840 2551 1025 2607 partem
1055 2563 1099 2593 c:
1131 2563 1213 2594 om.
1240 2564 1290 2606 p.
1449 2549 1651 2607 liquabis
1683 2551 1868 2607 (Petr.):

178 2607 349 2664 ligabis
374 2622 448 2664 pc,
595 2613 649 2653 19
674 2608 918 2653 decatione
943 2610 1196 2665 (utsupra)
1220 2623 1270 2665 p.
1392 2608 1606 2654 miscebis
1630 2623 1689 2666 p:
1731 2623 1813 2654 om.
1847 2625 1871 2655 c

182 2666 342 2723 (addes
374 2667 528 2723 Petr.).
649 2667 879 2712 oximellis
908 2682 945 2723 c,
977 2668 1142 2712 examl'
1159 2681 1211 2724 p.
1334 2672 1389 2711 21
1425 2681 1635 2712 cernosas
1659 2682 1701 2724 9,
1823 2671 1871 2713 et

181 2725 242 2769 ad
271 2740 332 2770 m.
364 2726 522 2783 nigras
554 2740 636 2770 om.
655 2740 691 2782 p
725 2728 836 2783 (non
865 2727 952 2783 90).
1073 2726 1123 2770 in
1146 2727 1293 2772 vultu.
1317 2726 1367 2770 in
1390 2726 1575 2771 feminis
1599 2741 1641 2785 9,
1674 2726 1869 2784 (nigras)

181 2783 455 2887 {meinatraum
484 2799 519 2839 c,
552 2784 601 2828 in
626 2786 760 2830 vultu
782 2786 873 2830 viri
898 2799 979 2830 seu
1001 2784 1173 2830 femine
1196 2799 1227 2842 p
1259 2786 1324 2842 (in
1355 2786 1488 2831 vultu
1512 2785 1682 2830 femine
1710 2786 1867 2843 Pena).

292 2857 344 2887 ac
425 2857 466 2900 9.
