2004 3186
0 242 2 350 l

767 121 1167 171 -147-

120 239 346 305 flegmate
394 246 444 290 et
488 240 617 290 fellis
660 238 772 288 flavi
819 242 1165 291 commixtione
1206 240 1444 308 efficitur,
1493 251 1543 292 et
1581 245 1804 295 similiter

121 312 200 362 die
230 314 362 363 inter
393 313 524 363 diem
556 315 686 364 sicut
715 312 908 363 acribes
938 316 1180 364 tertianus
1213 323 1453 383 movetur,
1484 316 1570 366 sed
1601 319 1652 366 in
1682 320 1804 383 ipsis

120 388 418 437 accessionis
448 387 586 437 horis
615 387 926 437 inordinatus
957 389 1223 455 invenitur,
1262 395 1312 438 et
1351 391 1393 438 si
1424 393 1647 440 autumni
1682 399 1802 441 tem-

117 475 240 526 pore
273 461 424 512 fuerit
454 467 615 529 natus,
645 463 697 510 in
731 467 1022 526 quartanum
1056 462 1347 527 frequenter
1378 465 1586 513 vertitur
1617 471 1802 530 typum.

264 539 531 601 propterea
562 536 832 585 curationis
864 541 1087 601 tempore
1123 551 1183 585 ex
1221 537 1362 585 initio
1394 535 1473 586 die
1512 539 1642 587 inter
1673 538 1803 588 diem
1825 550 1847 583 5

115 608 311 658 reficies
349 614 683 675 aegrotanteS,
719 608 816 658 hoc
854 616 930 659 est
967 617 1024 659 ut
1061 609 1141 660 die
1189 611 1296 675 ipsa
1335 625 1430 675 qua
1469 614 1800 662 accessionem

115 684 373 747 patiuntur
419 684 643 732 ieiunent
689 689 739 732 et
788 682 866 732 die
914 684 1104 732 anetica
1141 685 1395 748 recipiant.
1468 684 1554 733 sed
1595 687 1635 734 si
1674 685 1800 735 forte

118 757 358 806 ieiunium
404 757 605 806 minime
651 758 907 822 potuerint
952 757 1188 823 tolerare,
1233 758 1540 806 remissionis
1579 765 1800 823 tempore

115 831 373 895 recipiant.
445 836 496 879 et
540 836 803 895 postquam
848 833 1024 896 pepsin
1072 831 1248 881 fecerit
1301 831 1580 897 aegritudo,
1629 832 1679 880 id
1725 841 1801 882 est

114 910 228 968 post
279 903 371 952 1111
424 904 655 970 periodos
711 906 812 954 sive
864 906 1195 972 accessioneS‚
1251 919 1372 969 quas
1423 903 1597 954 Graeci
1643 907 1797 971 epise-
1823 919 1866 951 10

116 979 293 1026 masias
331 984 529 1039 vocant,
575 978 862 1044 praecordia
912 993 1084 1028 eorum
1131 977 1525 1046 cataplasmabiS,
1576 980 1706 1029 sicut
1746 981 1798 1028 in

115 1051 475 1118 cotidianariis‚
514 1059 564 1101 et
602 1051 726 1101 lanis
766 1052 963 1102 mundis
1000 1052 1107 1101 loca
1146 1052 1331 1102 tutabis
1372 1059 1420 1101 et
1459 1052 1710 1118 fasciabis‚
1749 1060 1799 1102 et

113 1126 155 1174 si
194 1132 367 1175 venter
414 1141 513 1174 non
561 1126 758 1194 fecerit,
812 1141 911 1175 non
953 1125 1090 1175 valde
1132 1125 1266 1176 molli
1310 1125 1519 1191 clystere
1568 1125 1797 1176 deduces,

111 1198 250 1248 dabis
304 1200 452 1249 etiam
504 1199 582 1248 his
637 1206 686 1249 et
738 1201 958 1265 ptisanae
1014 1215 1190 1249 sucum
1244 1215 1304 1249 ex
1358 1207 1496 1249 aceto
1551 1207 1601 1248 et
1654 1199 1796 1248 melle

110 1272 277 1337 puleio
315 1275 488 1338 pipere
527 1275 720 1338 cymino
761 1275 962 1339 origano
1004 1274 1298 1323 confectum.
1362 1274 1510 1322 etiam
1547 1281 1596 1322 et
1627 1275 1795 1322 urinas
1821 1285 1864 1317 15

107 1346 399 1411 provocabis
439 1362 498 1396 ex
547 1347 837 1396 decoctione
876 1349 975 1412 apii
1014 1354 1064 1396 et
1101 1347 1245 1396 dauci
1285 1352 1335 1395 et
1372 1347 1505 1395 aneti
1543 1354 1593 1396 et
1631 1348 1794 1411 spicae

102 1420 324 1487 indicae,
362 1427 412 1469 et
447 1427 564 1506 post
601 1421 723 1469 haec
755 1419 990 1470 absinthii
1026 1422 1214 1485 pontici
1250 1420 1548 1469 infusionem
1587 1435 1677 1484 per
1708 1422 1792 1469 tri·

108 1492 262 1543 duum
307 1495 488 1544 ieiunis
535 1493 672 1544 dabis
719 1501 803 1544 aut
849 1494 1125 1560 oxymelliS‚
1170 1493 1246 1543 vel
1294 1509 1350 1543 ea
1396 1508 1523 1558 quae
1571 1499 1794 1543 ventrem

110 1567 358 1634 molliunt,
398 1575 447 1617 et
486 1567 695 1618 sanabis

459 1700 642 1749 LVlllI.
707 1700 784 1748 Ad
831 1707 1031 1765 typum
1072 1699 1453 1748 cotidianum.
1818 1711 1860 1743 20

254 1804 422 1869 Typus
471 1803 746 1853 cotidianus
797 1817 974 1867 graeco
1024 1801 1258 1851 vocabulo
1306 1802 1652 1851 amfemerinos
1691 1803 1792 1850 sive

110 1877 471 1927 cathemerinos
511 1876 798 1943 appellatur.
861 1882 910 1925 et
944 1876 1156 1926 efficitur
1189 1874 1281 1925 sub
1320 1875 1637 1940 frigidissimo
1676 1874 1791 1939 fleg·

108 1959 238 2000 mate
278 1953 508 2015 quotiens
540 1966 596 2000 os
636 1951 822 1999 ventris
860 1951 968 2014 ipso
1007 1949 1214 1999 humore
1253 1950 1405 1998 fuerit
1441 1947 1791 2013 infrigidatum.

224 2113 249 2151 2
283 2107 409 2152 diem
431 2122 483 2164 Ρ.
621 2107 805 2166 agribes
838 2121 873 2152 c.
1008 2107 1059 2150 in
1090 2119 1172 2151 om.
1207 2120 1242 2150 c.
1388 2111 1413 2150 3
1448 2105 1788 2150 accessionibus

103 2166 230 2211 horis
262 2181 328 2223 cp.
474 2169 733 2224 autumpno
763 2168 974 2222 tempore
1007 2179 1044 2220 c,
1074 2170 1094 2209 i
1126 2166 1301 2209 autuno
1331 2165 1542 2222 tempore
1566 2178 1616 2221 Ρ.
1764 2168 1789 2206 6

102 2226 253 2271 reficis
284 2240 352 2283 οΡ.
495 2230 518 2268 7
551 2226 762 2271 reficiant
793 2239 827 2270 c.
980 2228 1007 2268 8
1039 2223 1319 2269 remissionis
1351 2238 1396 2268 c·
1430 2222 1712 2268 dimissionis
1736 2236 1787 2279 Ρ.

104 2291 130 2330 9
174 2285 404 2330 refficiant
453 2299 496 2342 c,
546 2285 759 2330 reficiant
800 2299 838 2341 Ρ
881 2285 975 2340 (sed
1022 2284 1076 2328 in
1117 2296 1259 2339 mary.
1295 2287 1354 2339 ΡΟ
1396 2289 1416 2326 i
1459 2297 1488 2326 a
1530 2281 1787 2339 recipiant).

101 2374 146 2420 p
133 2345 195 2403 esi
218 2373 270 2415 Ρ,
300 2359 472 2415 pessim
504 2359 710 2416 (pessmi)
742 2373 779 2404 c.
905 2363 960 2403 10
992 2356 1267 2402 accessionis
1296 2370 1364 2413 οΡ.
1486 2354 1787 2412 episemasias

103 2417 422 2475 c2epimi1‘cos
445 2432 496 2475 Ρ.
644 2423 698 2462 12
729 2418 908 2463 tutabis
940 2431 982 2462 c:
1014 2415 1260 2471 tubabisp
1418 2420 1471 2459 13
1503 2416 1664 2459 veniet
1694 2427 1787 2480 non

101 2476 267 2521 fecerit
282 2491 341 2533 p:
373 2480 536 2522 venter
557 2491 651 2522 non
681 2477 856 2521 fuerint
879 2491 915 2521 c.
1038 2429 1260 2519 clistcrip
1237 2489 1273 2519 c.
1398 2478 1453 2517 14
1484 2473 1618 2517 dabis
1642 2474 1785 2543 etiam

103 2538 152 2580 et
180 2535 254 2580 his
285 2535 467 2593 ptisane
490 2550 549 2594 Ρ,
583 2534 697 2581 datu
730 2538 778 2581 et
807 2536 879 2580 ius
912 2537 960 2580 et
989 2534 1175 2590 t-ipsane
1208 2548 1243 2578 c.
1397 2537 1450 2577 15
1482 2531 1689 2598 pullegio
1720 2546 1785 2587 pp

102 2595 270 2640 cimino
304 2594 495 2653 erigano
527 2609 569 2639 c·
611 2595 769 2651 puleio
801 2597 850 2639 et
878 2595 1039 2652 pipere
1072 2594 1120 2637 et
1152 2606 1327 2650 organo
1352 2606 1403 2648 Ρ.
1554 2590 1696 2635 etiam
1727 2614 1783 2621 —

103 2656 195 2710 (17)
227 2655 343 2698 baec
373 2667 456 2699 om.
489 2667 525 2700 c.
649 2659 704 2698 18
727 2653 910 2700 ieiunus
942 2652 1088 2709 (--n9)
1122 2666 1158 2697 c.
1280 2649 1508 2696 oximelh's
1538 2663 1604 2705 cp.
1727 2653 1784 2693 20

101 2713 360 2757 emolliunt.
531 2717 590 2758 20
620 2712 691 2757 De
721 2713 835 2770 typo
867 2711 1103 2757 cotidiano
1127 2725 1164 2767 Ρ
1195 2710 1286 2766 (Ad
1316 2708 1467 2766 tipum
1500 2707 1785 2754 cotidianum

100 2773 195 2818 ind.
229 2775 322 2829 οΡ);
354 2773 429 2816 Ad
460 2772 745 2817 cotidianam
770 2786 805 2816 c.
936 2776 991 2815 21
1026 2770 1307 2815 afemerinus
1331 2783 1369 2823 c,
1400 2767 1710 2812 amfimerinos
1732 2780 1781 2822 Ρ.

102 2835 156 2874 22
190 2831 528 2876 cathemerinos
560 2845 627 2887 σΡ.

1431 2899 1518 2943 10*
