2004 3186
742 95 1138 150 —223—

120 211 230 266 107)
267 215 325 255 32
358 212 548 268 (agante
581 224 659 269 cp,
698 212 757 266 cf.
789 210 891 255 dra-

121 271 347 327 gantum).
397 274 454 315 82
471 270 741 338 (achanta).

92 327 349 386 accipere·
383 327 586 386 accipies
610 329 890 386 dragantum

118 390 198 432 etc.
208 387 890 443 (inmedicamcntorumformu-

117 446 194 502 lis)
232 451 257 491 7
313 450 340 490 8
379 450 457 492 etc.
490 472 546 479 —
579 447 889 503 (medicamen-

117 507 232 562 tum)
280 504 454 562 accipit
500 526 557 543 =
598 504 767 563 recipit
810 507 888 562 (Rc)

119 569 172 608 11
199 568 277 610 etc.
318 564 456 621 (quod
477 568 584 610 ante
606 565 889 610 accusativos

116 624 365 679 specierum
394 636 526 680 saepe
555 627 639 669 aut
670 624 886 669 subintel-

118 682 280 739 liyitur
297 686 381 728 aut
392 683 618 728 omittitur
634 697 665 728 a
681 683 889 729 la'brariis

114 741 237 786 velut
266 745 338 787 15.
371 745 446 786 16.
477 745 537 786 44
565 745 678 798 eta).

87 800 308 845 acetume
355 802 570 845 acoetum
622 802 806 858 saepius
856 815 888 859 9

117 861 189 915 (11
210 859 292 904 bis.
317 864 387 904 34.
414 865 470 904 42
496 860 598 917 bis),
621 864 674 904 ut
696 860 887 906 foenum

117 931 329 975 grecum,
376 918 456 963 dia
499 919 745 976 coephales
792 921 887 976 (35)

86 990 268 1082 aelnay
263 1036 398 1110 (fmn.)
430 1041 500 1082 35.

86 1106 205 1141 aera
237 1092 396 1152 (ἄκρα)
431 1096 523 1140 oris
555 1095 709 1153 spatia
740 1102 810 1145 36.

85 1154 270 1200 acredo
309 1154 517 1199 humoris
555 1168 686 1212 saepe
722 1158 884 1213 (6.16.

116 1218 185 1258 25.
222 1219 290 1258 29.
325 1219 394 1259 32.
429 1219 498 1259 34.
534 1219 603 1260 46.
637 1219 708 1260 48.
745 1216 834 1271 78).

86 1274 264 1318 acutus
319 1275 436 1330 (οΡΡ
494 1273 778 1330 diuturnus):
837 1273 887 1318 in

114 1332 886 1495 {gffffissiazffiaitgsshzssffi

83 1508 174 1554 ada
214 1509 274 1554 ad
321 1508 630 1601 digestion—em
677 1509 885 1554 ciborum

115 1567 383 1613 laborantes
415 1573 486 1613 41.
628 1567 887 1613 ericulosae

115 1627 177 1671 ad
221 1595 569 1672 incidendum—
573 1627 888 1684 (πικίνὸυνοι

115 1681 495 1743 ἆποτοίμνεσθαι)
546 1691 616 1732 35.
688 1686 889 1731 mulsam

117 1745 177 1790 ad
223 1744 610 1803 gargarizandum
656 1744 790 1789 dabis
830 1750 887 1789 37

118 1804 190 1860 (cf.
225 1809 282 1848 35
314 1806 410 1860 etc.)
440 1817 524 1851 rec.
559 1807 632 1861 (Ρ)
664 1817 752 1861 pro
784 1818 888 1861 gar-

114 1862 426 1920 garizandam,
445 1889 498 1895 —
533 1863 664 1920 (dum
692 1864 778 1921 qc).

86 1922 149 1966 ad
187 1922 471 1978 perfectum
518 1925 709 1968 sanetur
755 1922 804 1978 (i.
851 1936 886 1968 c.

115 1981 176 2026 ad
222 1981 480 2038 perfectam
520 1982 810 2028 sanationem
852 1995 887 2038 Ρ

114 2041 183 2085 vel
215 2039 463 2085 sanitatem
493 2045 547 2085 ut
576 2054 611 2086 c.
643 2042 721 2097 15)
755 2045 825 2086 68.

85 2099 148 2145 ad
201 2110 441 2155 praesens
496 2102 764 2157 (appresens
810 2102 884 2156 p):

115 2159 242 2214 quod
297 2158 336 2202 si
397 2159 455 2203 ad
516 2172 733 2216 praesens
792 2173 886 2204 non

115 2216 257 2262 fuerit
279 2231 522 2262 rosaceum
553 2223 590 2263 1.
639 2219 697 2273 cf.
734 2222 802 2264 17.
827 2223 884 2263 42

116 2277 235 2334 (bis).
293 2281 363 2322 46.
414 2281 483 2322 78.
552 2277 782 2322 vomitum
824 2278 886 2323 ad

116 2349 336 2393 praesens
360 2337 634 2393 provocabis
659 2342 716 2382 54
732 2358 789 2374 =
806 2351 885 2382 vo·

116 2395 284 2439 mitum
314 2394 364 2439 in
398 2395 634 2452 praesenti
663 2410 888 2453 provoca·

116 2453 188 2498 bis
213 2458 281 2498 65.
330 2454 387 2508 cf.
422 2459 500 2498 67:
533 2454 583 2499 in
605 2455 769 2512 primis
799 2456 888 2500 hoc

118 2515 193 2557 est
231 2512 283 2556 in
324 2513 560 2569 praesenti
621 2550 631 2560 .
658 2548 669 2558 .

116 2571 307 2616 incides,

89 2630 172 2675 ad·
207 2633 304 2687 (sec.
337 2633 403 2687 9):
445 2644 662 2688 agnosco,
703 2645 887 2689 appono

118 2693 176 2746 (et
206 2690 392 2747 adpono
431 2691 529 2746 22),
568 2691 796 2736 admoneo
831 2692 890 2747 (et

117 2762 364 2794 ammoneo
393 2754 462 2793 34.
497 2754 566 2794 37.
615 2749 889 2795 ammonitio

117 2822 148 2865 9
171 2810 262 2866 37),
294 2807 530 2853 admisceo
560 2810 618 2864 (ct
641 2808 891 2854 ammixtus

694 2514 887 2560 circum-

1009 213 1078 256 ter
1094 212 1184 266 36),
1198 210 1423 256 adsevero
1440 212 1550 268 (36)
1565 224 1782 271 aspergo,

1010 269 1274 314 astantibus
1325 271 1418 326 (42)
1465 274 1543 315 etc.
1601 297 1656 304 —
1711 274 1781 316 at-

1008 329 1216 374 testante
1248 342 1271 373 c
1302 333 1359 372 46
1386 329 1486 386 (ubi
1515 329 1782 376 adtestante

1008 400 1094 433 rec.
1117 401 1172 445 Ρ,
1203 388 1323 433 sicut
1352 388 1617 434 adtractare
1645 403 1679 447 Ρ
1708 394 1782 447 62,

1009 423 1216 503 adpones
1232 460 1271 504 Ρ
1301 451 1370 502 75,
1401 447 1616 504 adposita
1639 462 1678 505 Ρ
1709 454 1782 504 64,-

1008 505 1238 562 adpetitio
1269 519 1309 562 Ρ
1350 510 1429 563 76,
1468 506 1698 552 admisces
1722 513 1782 565 Ρ(3

1009 567 1089 621 51,
1121 565 1399 610 adscensum
1430 578 1486 623 cp
1520 570 1575 610 77
1609 569 1721 636 etc..)

978 623 1160 672 adarca
1198 619 1416 695 (ἆδᾶρκη
1440 625 1510 669 vel
1547 620 1782 681 ἄδάρκιον

1008 678 1777 741 Gal-‚Diosc.o}ddon⁷19):ycn.

1006 742 1200 787 adarces
1237 756 1268 800 9
1309 747 1332 786 1
1366 746 1443 787 etc.
1506 742 1726 798 (adaricis
1758 756 1782 789 c

977 837 1276 905 addulcare.
1290 860 1557 905 acredinem
1570 860 1780 907 humoris

1007 919 1231 964 addulcat
1252 920 1331 964 vel
1359 919 1578 964 obtundit
1609 925 1650 964 6.
1696 934 1780 977 po-

1006 979 1137 1024 lenta
1162 1015 1170 1023 .
1199 1013 1209 1022 .
1236 1013 1246 1022 .
1273 993 1377 1023 cum
1438 979 1547 1023 vino
1602 978 1651 1023 ni
1654 979 1780 1036 gello

1007 1038 1262 1082 addulcata
1280 1037 1563 1094 (obdulcata)
1572 1051 1610 1095 Ρ
1630 1043 1702 1084 46.
1723 1064 1781 1071 -—

1006 1098 1064 1151 cf.
1098 1097 1363 1155 obdulcare.

976 1155 1129 1212 adeps
1181 1156 1283 1211 fem.
1330 1168 1424 1201 uno
1479 1156 1573 1201 loco
1627 1169 1663 1201 c.
1718 1160 1781 1201 10

1006 1214 1194 1271 adipem
1225 1214 1475 1259 vitulinam
1501 1228 1577 1272 yp,
1610 1229 1782 1259 —num

1007 1287 1031 1319 c
1070 1275 1221 1330 (masc.
1253 1287 1282 1331 9
1314 1279 1393 1330 27,
1434 1278 1513 1328 28,
1552 1278 1609 1317 42
1641 1277 1694 1318 ut
1726 1288 1780 1330 cp

1005 1345 1175 1389 semper
1214 1336 1254 1376 5.
1298 1336 1367 1376 14.
1411 1337 1480 1376 16.
1517 1337 1583 1377 17.
1619 1336 1690 1377 51.
1724 1337 1781 1378 78

1006 1394 1116 1448 etc).

977 1449 1382 1495 adiuvamentum
1413 1446 1675 1508 (βοήθημα)
1708 1455 1779 1496 32.

977 1509 1287 1555 adiutorium
1327 1510 1475 1566 (med.)
1515 1514 1586 1555 48.
1620 1513 1691 1555 55.
1723 1514 1779 1555 66

1008 1573 1085 1613 etc.

978 1626 1248 1673 adobrutio
1296 1628 1483 1683 (arenae
1527 1648 1582 1664 =
1629 1622 1781 1684 ἄμμο-

1007 1687 1170 1742 χωσία)
1204 1691 1272 1730 76.

977 1745 1178 1790 adustio
1218 1742 1478 1801 (ἔγκαυσις,
1525 1758 1628 1802 opp.
1676 1759 1780 1802 per-

1006 1802 1181 1859 frictio)
1212 1809 1251 1848 1.
1284 1808 1356 1848 34.
1389 1809 1458 1849 62.
1494 1809 1563 1850 64.
1612 1818 1669 1849 ex
1700 1804 1780 1848 ad-

1006 1863 1192 1908 ustione
1218 1863 1328 1908 solis
1353 1868 1394 1908 9.
1445 1864 1502 1918 cf.
1529 1876 1562 1908 c.
1592 1868 1648 1907 10
1681 1876 1779 1907 coi·-

1006 1935 1122 1979 pora
1160 1921 1355 1979 glaciali
1392 1921 1565 1979 frigore
1597 1921 1778 1968 adusta.

977 1992 1088 2027 aes:
1105 1981 1155 2025 in
1172 1981 1269 2026 olla
1284 1980 1558 2026 aerearubri
1574 1980 1778 2027 aeris67.

976 2040 1255 2095 agitantem
1295 2040 1356 2084 ad
1394 2040 1558 2084 dentes
1596 2040 1779 2097 agitan-

1005 2100 1078 2144 tes
1116 2103 1191 2154 <=
1222 2098 1444 2155 mobiles,
1489 2098 1780 2156 σειομένους)

1005 2163 1061 2202 32
1082 2158 1315 2215 (saepius).
1353 2157 1550 2216 agitatio
1568 2157 1780 2202 dentium

1004 2218 1064 2263 ib.

975 2276 1122 2321 albor
1155 2276 1232 2321 ovi
1261 2281 1318 2320 42
1353 2277 1426 2333 (cf.
1460 2273 1615 2331 Cael.)

978 2335 1244 2391 albugines
1267 2349 1459 2380 ovorum
1480 2339 1535 2379 31
1562 2335 1634 2390 (ut
1649 2347 1782 2390 saepe

1008 2395 1086 2440 ovi
1117 2395 1277 2439 album
1309 2396 1357 2439 et
1385 2395 1524 2439 tenue
1555 2394 1624 2437 vel
1647 2392 1780 2437 albu-

1006 2467 1129 2508 men,
1153 2458 1195 2498 et
1210 2467 1246 2498 c.
1264 2457 1326 2500 42
1339 2453 1498 2497 albore
1516 2452 1594 2496 ovi
1615 2449 1778 2507 tenui).

1008 2514 1067 2568 cf.
1099 2512 1306 2570 Romch,
1339 2512 1471 2557 Itala
1502 2515 1576 2556 67.

979 2572 1138 2618 alicae
1164 2585 1273 2616 suco
1289 2548 1501 2628 ptisanae
1527 2571 1610 2614 aut
1630 2569 1779 2614 alicae

1009 2636 1080 2675 21.
1129 2631 1187 2686 cf.
1223 2629 1340 2675 Cael.
1373 2630 1463 2675 chr
1498 2633 1637 2684 5,10
1667 2632 1747 2674 etc.

980 2689 1231 2746 aliquanti
1256 2691 1330 2746 (=
1353 2689 1570 2745 aliquot).
1604 2687 1664 2731 ab
1695 2686 1780 2732 ali-

1011 2749 1196 2805 quantis
1220 2748 1366 2793 lafine
1389 2761 1566 2805 aurugo
1583 2747 1781 2791 vocatur

1010 2813 1080 2854 49.
1124 2807 1354 2864 aliquanti
1374 2806 1642 2852 inferiorem
1670 2818 1779 2850 ven·
