2004 3186
810 136 1167 189 -55-

145 257 259 307 salis
305 271 456 322 grana
496 255 763 305 mediocria
802 269 1011 305 numero
1050 254 1118 305 111
1164 258 1403 306 matutino
1444 263 1678 324 tempore
1717 270 1829 311 ante

144 330 263 380 solis
316 337 481 380 ortum
506 327 674 378 ‘dabis
726 327 970 378 laboranti
1022 331 1073 378 in
1124 345 1213 379 ore
1272 330 1568 381 continenda
1620 334 1672 382 in
1724 336 1831 399 ipsa

143 410 284 470 parte
330 406 382 453 in
422 417 519 469 qua
557 401 726 452 dolore
765 401 1012 469 pulsatur,
1059 402 1216 453 donec
1255 403 1488 469 paulatim
1527 404 1744 456 defluant
1782 415 1832 457 et

145 493 259 528 cum
305 476 602 527 defluxerint
646 475 909 526 humorem
954 478 1210 541 proiciant.
1284 479 1466 527 etenim
1504 478 1598 528 hoc
1637 478 1830 530 adiuva·

143 553 299 602 menti
351 566 508 616 genus
563 551 605 599 si
659 549 950 614 frequenter
1003 550 1085 600 fiat
1145 550 1460 600 limositatem
1514 552 1730 603 excludit
1781 561 1831 603 et
1856 567 1877 599 5

143 625 379 675 humores
419 623 698 689 superfluos
738 625 824 688 qui
863 622 1083 674 dolorem
1121 631 1375 689 praestant
1413 625 1668 691 depurgat.

291 697 423 747 aliud
469 698 678 763 fysicum
718 696 778 746 ad
825 695 1047 746 dolorem
1092 697 1260 747 malae.
1335 700 1547 748 caricam
1586 708 1635 748 et
1674 702 1833 765 sinapi

141 779 277 822 teres
316 778 367 821 et
404 770 611 821 induces
650 772 701 820 in
739 786 903 836 panno
942 777 992 820 et
1024 770 1191 821 cubito
1224 771 1426 821 alterius
1465 775 1619 837 partis
1660 789 1831 839 super·

141 847 390 911 impones,
435 844 486 893 id
534 850 609 894 est
656 846 698 894 si
746 845 872 894 forte
922 845 1120 895 sinistra
1171 846 1322 895 fuerit
1368 845 1492 895 mala
1539 846 1734 908 dextre,
1790 849 1832 896 si

142 919 314 969 dextra
351 921 578 984 impones
617 919 834 968 sinistro.
1858 934 1900 966 lo

290 992 515 1057 colluti0,
562 1006 711 1057 quam
759 992 934 1042 Graeci
980 992 1240 1058 diaclysma
1287 999 1484 1060 vocant,
1539 993 1724 1042 faciens
1771 994 1832 1043 ad

141 1067 364 1117 dentium
403 1065 613 1116 dolores
676 1066 826 1132 gallas
867 1073 1120 1132 quassatas
1129 1107 1144 1133 ‚
1190 1066 1360 1119 taedae
1398 1068 1597 1132 pinguis
1638 1067 1831 1117 astellas

142 1142 422 1191 minutatim
453 1142 650 1207 incisaS‚
689 1142 954 1206 iusquiami
986 1156 1171 1207 semen,
1210 1140 1407 1190 alumen
1438 1140 1651 1206 liparum
1686 1140 1834 1190 simul

141 1215 391 1280 decoques
429 1216 480 1264 in
513 1216 626 1264 vino
658 1216 829 1264 veteri.
883 1216 1067 1280 iugiter
1105 1213 1243 1263 dabis
1274 1220 1330 1263 ut
1361 1214 1600 1279 colluant,
1640 1216 1832 1263 cautius

139 1304 258 1339 vero
305 1304 368 1339 ne
416 1288 534 1354 quid
582 1303 642 1337 ex
687 1290 784 1338 isto
830 1288 1023 1353 liquore
1072 1288 1484 1338 transvorandum
1536 1289 1831 1337 existiment.
1858 1300 1900 1333 15

138 1362 234 1412 hoc
274 1370 439 1413 autem
477 1377 577 1412 non
617 1362 778 1412 solum
825 1362 1046 1411 dolorem
1094 1363 1283 1427 mitigat
1328 1376 1501 1411 verum
1551 1363 1696 1410 etiam
1736 1363 1832 1426 agi-

138 1443 302 1487 tantes
341 1436 516 1486 dentes
563 1438 734 1486 statuit
780 1436 856 1486 vel
902 1436 1174 1486 confirmat.
1245 1436 1288 1484 si
1334 1450 1450 1484 vero
1502 1434 1695 1484 taedam
1735 1449 1834 1484 non

139 1512 410 1578 inveneriS,
449 1512 574 1576 picis
614 1512 773 1560 siccae
814 1510 1062 1560 modicum
1103 1511 1269 1559 mittes
1309 1515 1360 1558 et
1399 1510 1568 1558 uteris.

288 1584 419 1635 aliud
468 1584 527 1634 ad
574 1584 750 1634 dentes
797 1586 1038 1649 agitantes
1084 1590 1140 1633 ut
1187 1575 1372 1633 statuas
1428 1580 1502 1631 vel
1557 1583 1832 1631 confirmes,

265 1821 286 1859 1
320 1829 512 1859 numero
545 1827 590 1858 c:
621 1827 704 1860 om.
730 1828 781 1871 Ρ.
904 1815 1013 1858 ante
1047 1838 1102 1846 —
1135 1814 1267 1869 parte
1293 1827 1351 1869 p:
1384 1826 1467 1857 om.
1493 1825 1516 1857 c
1548 1812 1646 1868 <ubi
1676 1813 1757 1868 tp?
1786 1811 1836 1855 in

143 1888 235 1930 quo
268 1874 312 1919 d.
337 1876 406 1931 Ρ).
529 1878 555 1917 3
587 1872 638 1916 in
669 1887 760 1929 quo
793 1873 952 1917 dolore
985 1886 1021 1929 c,
1053 1872 1103 1916 in
1135 1886 1229 1928 qua
1259 1872 1392 1916 dolor
1415 1885 1466 1928 Ρ.
1587 1870 1762 1914 defluat
1784 1884 1834 1926 Ρ.

142 1937 172 1976 4
201 1932 437 1990 proiciunt
459 1946 510 1989 Ρ.
662 1931 921 1976 adiumenti
952 1945 988 1976 c.
1141 1935 1167 1975 5
1202 1930 1242 1974 si
1265 1944 1324 1987 Ρε
1358 1943 1441 1975 om.
1475 1943 1510 1974 c.
1660 1929 1836 1973 liniosi-

142 1994 290 2037 tatem
322 2006 356 2036 c.
481 1997 507 2036 6
539 1992 782 2036 humorem
815 1990 1134 2047 superfluum.
1200 1991 1417 2046 ,prestat
1447 1990 1588 2046 (piat)
1613 2002 1664 2044 Ρ.
1809 1992 1834 2031 7

143 2051 204 2096 ad
234 2065 317 2096 om.
351 2065 387 2096 c.
532 2050 655 2094 mole
687 2051 852 2095 iterum
882 2064 936 2106 οΡ
969 2051 1061 2106 (sed
1090 2050 1224 2104 infra
1255 2054 1280 2093 9
1313 2048 1440 2093 mala
1471 2050 1557 2105 cp).
1719 2046 1836 2091 cari-

144 2124 220 2154 cas
253 2123 290 2154 c.
412 2109 568 2166 sinapi
590 2123 642 2166 Ρ,
676 2111 839 2177 senapi
870 2123 906 2153 c.
1052 2113 1078 2153 8
1109 2109 1234 2152 teres
1258 2122 1316 2165 Ρ;
1349 2109 1443 2152 tres
1475 2121 1513 2151 c.
1655 2105 1835 2149 inducis

143 2168 194 2213 in
216 2183 370 2226 panno
396 2182 463 2226 εΡ.
587 2167 781 2213 alterius
798 2182 856 2226 Ρ.
886 2167 1084 2212 alicuius
1110 2181 1145 2213 c.
1268 2164 1588 2224 superinponis
1604 2179 1655 2222 Ρ,
1681 2178 1836 2221 super-

139 2228 277 2284 ponis
319 2242 354 2273 c.
536 2232 562 2272 9
602 2228 632 2272 i.
666 2227 704 2272 si
737 2242 779 2272 c:
827 2227 857 2271 i.
898 2227 931 2271 1‘1
970 2227 1058 2283 (ut)
1091 2226 1130 2270 si
1157 2241 1205 2283 Ρ.
1386 2241 1420 2270 s.
1453 2224 1579 2269 mala
1620 2223 1763 2268 fuerit
1785 2237 1835 2279 Ρ.

141 2287 307 2343 dextro
345 2313 400 2319 -
443 2286 630 2332 sinistro
670 2301 714 2331 c·
765 2287 929 2331 dextro
967 2286 1193 2343 impones.
1263 2285 1303 2329 si
1349 2285 1512 2328 dextra
1556 2283 1607 2327 in
1651 2282 1836 2327 sinistro

142 2346 300 2391 cubito
333 2360 511 2403 ipones.
667 2351 721 2390 10
745 2345 903 2402 lponis
935 2360 971 2390 c.
1127 2350 1180 2388 11
1214 2343 1433 2388 dialisma
1463 2357 1507 2398 c,
1540 2341 1765 2386 diaclima
1786 2355 1836 2396 Ρ.

145 2409 199 2448 12
232 2405 393 2450 dolore
426 2419 461 2450 c
565 2407 792 2449 cassatas
825 2419 860 2450 c.
985 2405 1094 2449 tede
1125 2402 1314 2461 pinguis
1346 2403 1535 2447 astellas
1562 2400 1767 2445 minutas
1785 2414 1836 2455 Ρ,

141 2464 276 2508 tedas
307 2464 503 2522 pingues
535 2463 808 2508 minutatim
844 2463 1015 2508 incisas
1047 2476 1083 2508 c.
1239 2467 1294 2505 14
1325 2477 1358 2507 s.
1394 2475 1563 2517 coques
1588 2473 1638 2516 Ρ.
1790 2463 1838 2502 et

142 2522 317 2580 iugiter
347 2523 570 2569 colluant.
620 2523 800 2567 cautius
826 2537 885 2567 ne
911 2557 920 2567 .
950 2557 959 2567 .
988 2556 998 2566 .
1016 2536 1068 2579 Ρ.
1194 2525 1247 2565 15
1271 2520 1363 2565 isto
1381 2534 1438 2577 Ρ;
1471 2521 1559 2563 hoc
1587 2532 1623 2562 c.
1742 2519 1838 2561 tra-

143 2583 415 2649 vorandum·
433 2596 478 2626 c:
510 2581 757 2626 trasumad'
793 2583 895 2639 (pro
926 2581 1351 2639 transglutiendum
1362 2581 1401 2636 P)
1419 2593 1469 2635 Ρ.
1595 2582 1647 2620 16
1680 2577 1839 2620 autem

144 2668 190 2699 c:
223 2655 346 2700 enim
379 2651 446 2712 (e,
478 2661 584 2701 ante
615 2669 732 2701 corr.
765 2658 807 2711 e)
833 2669 884 2711 Ρ.
1004 2655 1050 2700 h.
1078 2669 1117 2699 e.
1150 2654 1359 2699 dolorem
1391 2666 1485 2696 non
1516 2651 1667 2695 solum
1697 2664 1758 2694 m.
1783 2663 1838 2705 Ρ.

146 2715 347 2770 αςὶὴᾶίῑθε
380 2729 447 2771 cp.
631 2720 683 2760 17
718 2715 895 2759 statuet
925 2714 1003 2759 vel
1034 2728 1077 2767 c,
1111 2713 1278 2758 statuit
1310 2714 1358 2756 et
1379 2725 1432 2767 Ρ.
1598 2709 1754 2754 tedam
1790 2722 1834 2763 Ρ.

150 2777 204 2816 18
235 2773 340 2831 pice
372 2775 492 2819 sicce
524 2788 568 2829 c,
600 2773 719 2830 picis
753 2773 865 2818 sicci
887 2787 938 2830 Ρ.
1120 2771 1269 2816 mittis
1291 2785 1329 2827 Ρ
1362 2771 1511 2826 (-—tes
1545 2770 1599 2825 c).
1784 2773 1836 2810 19

149 2847 351 2904 agitates
375 2862 418 2892 c:
445 2848 673 2905 agittatas
689 2861 726 2904 Ρ
752 2835 954 2904 (-1;Ξιὴᾇε
974 2849 1061 2904 ΡΟ).
1184 2845 1361 2890 statues
1377 2842 1453 2889 vel
1470 2856 1507 2899 c,
1533 2843 1712 2886 stat-uas
1732 2842 1778 2884 et
1784 2853 1837 2895 Ρ.

236 2929 434 2963 Cassius
458 2930 619 2971 Felix,
644 2929 700 2963 ed.
726 2930 771 2962 V.
795 2928 904 2962 Rose.
1546 2920 1571 2959 5
