2004 3186
842 155 911 162 —
993 124 1243 177 162—

199 247 334 296 sinae
381 244 732 310 terebintinae‚
778 246 868 295 iris
912 244 1152 312 illyricae,
1199 247 1420 295 omnium
1471 251 1704 310 quattuor
1747 249 1887 312 paria

198 319 431 385 pondera.
493 318 673 369 tundes
712 320 844 368 ireos
883 315 1168 385 (radicem)
1208 325 1259 368 et
1296 320 1587 369 tenuissime
1627 331 1804 370 cernes
1835 328 1887 371 et

199 395 381 444 ceteris
426 392 560 442 lento
607 394 721 457 igne
759 391 994 442 resolutis
1034 398 1084 442 et
1123 407 1150 441 a
1187 393 1298 442 foco
1346 392 1583 458 depositis
1623 399 1674 443 et
1710 392 1886 444 leviter

197 466 494 532 infrigidatis
533 480 941 532 superaspergeS,
989 472 1039 515 et
1084 466 1304 516 movebis
1350 466 1508 516 donec
1547 466 1885 532 coagulentun

153 553 175 585 5
200 549 250 592 et
289 540 464 591 exinde
503 539 740 604 magdalia
779 540 951 606 facieS,
999 546 1050 589 et
1097 541 1151 589 in
1186 540 1389 590 linteolo
1430 541 1640 590 densum
1677 540 1887 592 induces

131 921 175 953 10

132 1288 174 1321 15

130 1658 173 1690 20

200 623 249 665 et
299 628 530 680 appones.
599 612 694 662 hoc
741 620 906 662 autem
954 613 1273 678 emplastrum
1321 628 1433 664 cum
1482 613 1744 679 diligenter
1783 617 1887 665 cuti

198 689 488 755 inhaeserit,
535 687 731 736 dolores
784 689 988 752 mitigat.
1056 687 1219 737 hieme
1266 703 1384 738 vero
1433 690 1474 738 si
1524 689 1653 738 forte
1704 688 1887 739 durum

198 764 351 812 fuerit
402 761 836 827 medicamentum,
889 763 1154 826 praetactis
1214 761 1381 827 digitis
1434 761 1627 811 modico
1682 763 1891 828 cyprino

200 837 307 886 oleo
347 836 407 886 ad
446 835 617 884 molles
658 834 898 884 carbones
938 834 1214 885 malaxabiS.

347 909 434 959 sed
474 911 516 958 si
563 909 691 958 forte
730 907 891 973 aliqua
928 911 1090 958 tensio
1135 911 1187 958 in
1233 909 1537 975 praecordiis
1576 909 1887 975 inspicientis

198 983 366 1049 digitis
404 989 601 1048 praeter
641 982 933 1032 effusionem
970 984 1157 1033 ventris
1193 984 1494 1050 occurrerit,
1531 985 1797 1048 trispermo
1836 983 1887 1033 id

199 1065 275 1107 est
324 1057 485 1107 tribus
525 1055 796 1106 seminibus
845 1058 895 1105 in
942 1071 1069 1121 aqua
1106 1056 1265 1107 mulsa
1312 1057 1503 1107 adiecto
1542 1057 1736 1106 modico
1776 1056 1886 1106 oleo

199 1130 409 1196 simplici
456 1130 675 1180 decoctis
715 1129 1108 1197 cataplasmabis,
1153 1130 1249 1180 hoc
1296 1138 1374 1180 est
1412 1146 1472 1179 ex
1510 1132 1665 1180 tritici
1701 1129 1886 1196 polline

199 1211 248 1255 et
281 1206 411 1254 faeni
449 1206 614 1269 graeci
654 1210 703 1254 et
741 1204 830 1253 lini
868 1206 1085 1254 seminis,
1148 1211 1199 1254 et
1239 1211 1502 1270 postquam
1542 1204 1717 1255 tuleris
1756 1210 1885 1254 cata-

197 1279 405 1345 plasma,
444 1278 600 1327 calido
640 1277 821 1327 sabano
862 1277 1112 1343 detergeS‚
1161 1284 1211 1328 et
1249 1278 1357 1328 oleo
1398 1280 1602 1344 cyprino
1638 1272 1886 1343 ‘tepefacto

197 1368 298 1402 non
338 1352 497 1401 solum
542 1351 832 1417 praecordia
872 1352 958 1401 sed
998 1353 1145 1402 etiam
1185 1359 1352 1401 cetera
1400 1367 1525 1417 quae
1569 1351 1738 1401 dolent
1773 1363 1888 1417 per-

196 1441 405 1492 ungueS‚
438 1431 487 1475 et
510 1424 643 1474 molli
667 1425 776 1474 lana
800 1427 995 1490 operies
1021 1432 1070 1475 et
1093 1425 1335 1475 fasciabis.
1390 1432 1440 1475 et
1464 1441 1491 1475 a
1519 1427 1632 1475 vino
1658 1431 1708 1475 et
1731 1427 1887 1474 omni-

196 1499 291 1550 bus
323 1498 555 1549 carnibus
587 1501 786 1548 omnino
819 1498 1089 1549 abstinebis
1129 1513 1389 1564 quousque
1428 1501 1680 1549 minuatur
1717 1498 1886 1548 febris,

347 1572 434 1622 sed
467 1574 510 1622 si
542 1573 667 1623 forte
701 1574 1096 1638 suprascriptum
1126 1572 1380 1623 flebotomi
1410 1587 1557 1623 usum
1589 1578 1676 1622 aut
1706 1574 1886 1622 virium

197 1646 507 1697 imbecillitas
538 1653 624 1697 aut
656 1645 835 1696 solutio
866 1648 1054 1696 ventris
1084 1646 1382 1713 impedierit,
1416 1648 1595 1711 topicis
1627 1645 1887 1696 adiutoriis

197 1723 355 1771 uteris
401 1720 450 1770 id
499 1727 574 1770 est
618 1719 870 1770 localibus.
943 1726 1202 1785 praeterea
1242 1721 1564 1785 sanguisugas
1603 1721 1726 1785 ipsis
1763 1719 1887 1769 locis

198 1793 479 1844 dolentibus
519 1809 759 1861 apponeS,
799 1795 941 1843 cuius
981 1794 1212 1844 adiutorii
1243 1809 1392 1843 usum
1424 1795 1654 1860 superius
1694 1792 1762 1843 in'
1787 1807 1886 1842 em-

197 1874 422 1934 pyemate
464 1869 864 1933 conscripsimus,

319 1986 341 2023 1
374 1980 457 2025 iris
480 1979 647 2024 illirice
665 1993 716 2036 Ρ,
747 1979 1008 2025 utisillirice
1033 1993 1068 2025 c.
1191 1980 1288 2025 effi
1308 1979 1398 2024 IIII
1420 1993 1463 2024 c:
1495 1993 1577 2024 om.
1603 1992 1655 2036 10-
1753 1978 1888 2036 paria

195 2040 402 2098 pondera
431 2053 489 2096 p:
528 2038 631 2095 pari
669 2039 874 2096 pondere
913 2051 948 2084 c.
1131 2044 1158 2083 2
1196 2040 1365 2084 tundes
1402 2052 1536 2095 yreos
1580 2039 1657 2096 (sc.
1689 2038 1806 2094 rad.)
1840 2051 1885 2083 c:

195 2112 331 2156 yreos
351 2098 521 2143 tundes
536 2112 588 2155 p.
709 2103 735 2142 3
761 2097 949 2142 leviter:
982 2097 1153 2142 leniter
1175 2111 1242 2155 cp.
1366 2103 1394 2142 4
1418 2097 1628 2155 aspergis
1654 2097 1703 2141 et
1724 2110 1884 2142 moves

197 2162 355 2215 (—nes
388 2160 428 2213 c)
459 2170 527 2214 cp.
654 2162 680 2200 5
711 2155 937 2215 migdalia
967 2169 1035 2213 cp.
1155 2156 1273 2202 facis
1313 2169 1381 2213 cp.
1502 2156 1698 2201 linteolo
1741 2155 1886 2200 denso

190 2231 242 2273 p,
264 2216 544 2261 lintheolum
567 2218 752 2261 tensum
776 2229 812 2260 c.
925 2214 1105 2260 inducis
1131 2229 1199 2272 cp.
1315 2220 1340 2260 6
1365 2214 1563 2272 apponis
1588 2228 1612 2259 c
1636 2216 1796 2271 (-—nes
1815 2215 1884 2271 p).

196 2277 286 2320 hoc
316 2289 428 2320 vero
458 2277 563 2331 (sic)
585 2289 644 2332 p:
678 2288 761 2320 om.
794 2288 830 2321 c.
977 2280 1002 2320 7
1036 2275 1201 2318 durum
1236 2288 1294 2331 p:
1334 2274 1525 2318 ductum
1557 2287 1594 2318 c.
1738 2278 1764 2318 8
1795 2274 1886 2318 hoc

196 2337 323 2388 (ante
353 2334 497 2392 med.)
526 2335 631 2380 add.
658 2348 709 2390 p.
852 2335 953 2378 tum
983 2336 1103 2391 (post
1132 2333 1276 2390 med.)
1306 2334 1411 2378 add.
1437 2346 1488 2390 p.
1629 2333 1818 2389 caprino
1849 2345 1889 2387 c,

198 2394 376 2452 cipi-ino
413 2407 463 2451 p.
645 2398 671 2437 9
703 2393 870 2438 molles
901 2406 944 2437 c:
983 2393 1137 2437 rall'es
1169 2393 1228 2448 (P)
1256 2406 1304 2449 p.
1487 2396 1542 2435 10
1572 2390 1886 2448 inspicientis:

197 2453 382 2498 —tibus
413 2466 480 2509 cp.
606 2458 658 2496 11
690 2452 972 2509 trispermon
1001 2466 1071 2509 cp.
1194 2456 1249 2496 15
1281 2452 1330 2496 et
1359 2451 1511 2508 primo
1542 2452 1637 2508 tep.
1672 2465 1708 2495 e.
1831 2454 1886 2494 16

197 2512 452 2569 precordiis
476 2526 532 2570 cp
554 2514 663 2570 (non
685 2526 731 2568 p.
758 2511 908 2555 solum
924 2513 993 2568 p).
1116 2510 1260 2555 etiam
1284 2524 1367 2556 om.
1395 2524 1431 2556 c.
1555 2515 1607 2554 17
1636 2509 1789 2566 operis
1815 2522 1882 2565 cp.

202 2590 256 2630 18
288 2586 494 2631 abstinet
523 2599 559 2631 c.
741 2597 978 2642 quousque
1016 2584 1253 2628 minuatur
1281 2583 1569 2652 (siv-{chres
1600 2597 1659 2640 p:
1700 2572 1886 2639 gffiando

197 2661 379 2704 minuat
407 2659 559 2704 febres
592 2673 627 2704 c.
759 2663 813 2703 19
846 2672 987 2715 supra.
1018 2657 1240 2715 scriptum
1270 2672 1322 2714 p:
1368 2656 1431 2702 SS
1464 2671 1498 2702 c.
1622 2661 1679 2701 20
1710 2654 1884 2701 ventris

199 2718 367 2764 solutio
391 2732 443 2775 p.
578 2717 736 2775 tipicis
769 2730 813 2774 c,
843 2716 1045 2775 thopicis
1067 2730 1116 2774 p.
1241 2722 1295 2762 21
1325 2717 1355 2762 i.
1387 2715 1613 2761 localibus
1637 2729 1694 2772 p:
1731 2728 1814 2760 om.
1848 2727 1882 2759 c.

197 2782 253 2820 22
279 2776 500 2822 adiutorii
522 2791 656 2820 usum
682 2790 725 2821 c:
757 2775 926 2821 adiusfi
953 2777 989 2833 (i
1014 2773 1042 2820 ἓ,
1074 2775 1195 2820 adiu.
1220 2776 1274 2821 in
1303 2790 1444 2834 marg.
1462 2777 1538 2832 ΡΟ)
1561 2774 1629 2819 sic
1644 2787 1694 2830 p.
1818 2773 1886 2817 est

199 2838 306 2892 (pro
338 2836 590 2894 e)piemata
619 2837 724 2893 (sic)
754 2849 797 2892 c,
829 2835 1031 2892 epimate
1055 2849 1106 2892 p.
1229 2839 1283 2879 23
1317 2834 1584 2891 scripsimus
1608 2845 1658 2890 p.
