2004 3186
757 151 824 158 ——-
907 121 1157 173 149—

258 245 310 292 in
351 241 690 292 curationibus
729 249 895 291 autem
934 247 1131 306 oportet
1170 249 1397 307 aegrotos
1434 242 1647 307 plurimo
1687 244 1795 294 oleo

112 316 420 383 mollioribus
466 315 694 366 manibus
740 315 972 364 defricari
1018 322 1070 364 et
1120 315 1324 365 lavacris
1374 316 1796 381 frequentioribus

113 392 300 456 curari,
355 391 503 439 etiam
557 395 607 439 et
660 388 769 438 cibo
818 388 1009 438 diurnis
1057 387 1231 438 diebus
1277 389 1439 455 refici,
1491 390 1578 440 sed
1632 396 1794 440 tamen

110 463 171 513 ab
225 463 553 528 indigestione
601 462 854 512 custodiri.
938 464 1108 511 vinum
1161 477 1279 511 vero
1326 456 1695 527 aquatissimum
1748 473 1796 513 et

114 538 224 587 lene
263 539 404 603 potui
441 536 604 603 dahis,
641 543 692 585 et
729 535 840 585 illos
880 538 1088 586 maxime
1127 538 1213 600 qui
1251 537 1400 585 nimia
1440 539 1663 602 corporis
1703 539 1793 586 ari·
1821 548 1842 579 5

114 611 264 660 ditate
319 610 670 676 laboraverint,
730 609 843 675 plus
899 610 1019 659 solio
1075 611 1327 659 immorari
1380 625 1525 674 quam
1579 612 1629 660 in
1684 625 1796 660 aere

110 683 326 750 iubebi5‚
366 691 416 734 et
453 682 660 733 sanabis.

679 815 800 864 LXI.
861 815 942 864 Ad
982 831 1218 865 causon.

261 920 446 970 Causos
492 920 642 970 latino
684 933 911 968 sermone
959 917 1112 967 febris
1159 918 1446 967 incendiosa
1492 918 1685 968 dicitur.
1749 925 1799 969 et

111 995 166 1044 fit
204 994 465 1059 aliquando
506 1008 620 1044 cum
660 991 973 1057 deliratione‚
1019 998 1069 1041 et
1107 994 1315 1040 maxime
1363 992 1591 1056 quotiens
1630 999 1795 1042 tumor
1820 1003 1863 1035 10

111 1070 266 1134 epatis
306 1075 357 1117 et
388 1067 573 1133 splenis
612 1068 922 1132 apparuerit,
960 1080 1019 1114 ex
1052 1064 1202 1115 multa
1239 1064 1463 1114 ciborum
1496 1067 1795 1115 comestione

111 1142 426 1191 inflammatio
476 1142 684 1207 erigitur
730 1147 780 1190 et
826 1141 981 1188 inurit
1020 1137 1283 1188 cerebrum
1322 1145 1372 1187 et
1417 1140 1628 1188 maniam
1666 1139 1797 1205 facit,

112 1231 259 1280 quam
298 1230 390 1264 nos
427 1216 667 1265 insaniam
707 1214 932 1265 dicimus.

261 1290 531 1339 curationis
579 1303 696 1338 vero
744 1292 1209 1352 temporeoportet
1254 1289 1306 1335 iu
1353 1287 1460 1350 ipso
1506 1287 1647 1335 initio
1685 1299 1794 1350 per-

110 1362 423 1413 mittentibus
476 1362 666 1413 viribus
712 1367 967 1425 aegrotum
1015 1361 1066 1409 in
1119 1358 1321 1409 brachio
1367 1358 1708 1423 flebotomare,
1756 1360 1797 1407 si
1822 1371 1862 1403 15

111 1443 275 1486 tamen
328 1441 487 1486 aetate
543 1436 735 1485 iuvenis
790 1435 954 1483 fuerit.
1035 1440 1084 1483 et
1130 1435 1172 1482 si
1218 1448 1277 1483 ex
1329 1447 1599 1482 encauseos
1651 1439 1797 1496 caput

112 1510 326 1560 doluerit
363 1509 654 1576 laborantiS‚
693 1508 743 1557 id
783 1514 860 1557 est
899 1522 958 1556 ex
990 1507 1270 1573 adustione,
1310 1521 1369 1556 ex
1407 1505 1514 1554 oleo
1555 1506 1795 1555 omsacino

111 1583 341 1634 embroce
380 1585 539 1633 uteris
579 1590 663 1633 aut
694 1597 754 1631 ex
793 1587 932 1631 aceto
972 1588 1022 1630 et
1051 1595 1279 1646 rosaceo,
1320 1579 1450 1644 quod
1493 1578 1794 1644 oxyrodinon

111 1665 302 1708 vocant.
363 1673 462 1706 non
502 1657 753 1722 praesenti
784 1670 901 1704 vero
933 1669 1136 1704 rosaceo
1174 1669 1265 1719 pro
1305 1668 1507 1702 rosaceo
1547 1652 1653 1701 oleo
1694 1666 1792 1700 om·

113 1732 273 1781 facino
314 1731 493 1796 frigido
534 1732 712 1796 uteriS‚
750 1728 798 1778 id
840 1734 917 1777 est
954 1727 1044 1776 1111
1084 1727 1180 1776 olei
1217 1725 1441 1792 partibus
1484 1741 1632 1774 unam
1671 1726 1796 1774 aceti
1820 1738 1863 1770 20

112 1805 419 1855 admiscebis.
484 1806 560 1854 sin
599 1819 716 1853 vero
756 1802 867 1867 plus
906 1801 1192 1865 infrigidare
1232 1800 1469 1865 volueriS,
1508 1815 1567 1848 ex
1608 1797 1797 1863 aequali

111 2006 264 2066 corr.)
304 2006 516 2051 ulcerosa
553 2004 727 2049 fuerint
762 2018 800 2061 p
845 1999 983 2060 (πλὴν
1024 2001 1071 2047 εἰ
1107 1997 1168 2058 μὴ
1208 1999 1347 2058 χωρὶς
1387 1998 1547 2050 ἕλκους
1586 1997 1797 2055 φανεροῦ

111 2064 324 2122 γένοιντο
366 2064 502 2122 Gal.).
625 2069 651 2107 2
691 2061 910 2107 defricati
949 2088 1003 2094 —-
1042 2059 1433 2117 frequentioribus
1468 2072 1550 2102 om.
1583 2071 1618 2102 c.
1769 2062 1796 2100 3

114 2125 257 2170 etiam
288 2137 372 2169 om.
405 2138 440 2168 e.
587 2122 816 2167 diuturnis
847 2135 915 2178 cp.
1058 2119 1209 2165 reficis
1240 2132 1308 2175 cp.
1456 2123 1484 2161 4
1517 2115 1697 2162 custodi
1728 2128 1795 2172 cp.

111 2185 272 2229 vinum
305 2185 429 2240 (-ὖ)
454 2198 495 2228 v.
522 2181 876 2240 aquatissimum
900 2181 1025 2237 (-1'1)
1057 2181 1106 2225 et
1134 2178 1240 2223 lene
1271 2180 1405 2233 (—ne
1438 2179 1478 2232 c)
1509 2174 1696 2233 potabis
1727 2188 1795 2231 ep.

114 2247 140 2288 5
171 2241 375 2288 maxime
406 2255 488 2288 om.
523 2256 558 2288 c.
682 2246 707 2285 6
731 2240 782 2284 in
806 2240 923 2285 solio
946 2253 998 2297 p.
1119 2241 1145 2281 8
1170 2237 1239 2281 De
1272 2248 1481 2281 causone.
1537 2248 1625 2291 que
1655 2233 1796 2278 febris

111 2301 380 2347 incendiosa
410 2301 580 2346 dicitur
604 2315 653 2358 Ρ.
837 2304 863 2343 9
904 2298 1087 2343 Causon
1122 2310 1189 2353 ep.
1372 2300 1428 2339 10
1459 2293 1720 2338 deliracone
1750 2306 1794 2336 c:

111 2360 424 2408 declinatione
462 2374 499 2417 p
547 2359 890 2418 (debilitatione
929 2362 990 2415 ΡΟ
1042 2361 1083 2402 et
1134 2357 1299 2400 iterum
1342 2355 1397 2398 in
1440 2366 1582 2410 marq.
1629 2356 1649 2395 ῑ
1696 2348 1724 2394 ἃ,
1770 2355 1795 2394 ὃ

111 2419 326 2464 d'htatoe
364 2420 431 2464 sic
464 2421 555 2476 pc).
708 2421 756 2464 et
787 2417 943 2474 (max.)
975 2430 1058 2461 om.
1084 2430 1134 2473 p.
1285 2415 1442 2458 tumor
1463 2425 1521 2468 p:
1560 2411 1726 2454 humor
1756 2423 1792 2454 c.

117 2484 170 2524 12
200 2478 381 2524 inflatio
405 2493 456 2535 p.
579 2477 775 2537 erigitur
807 2478 854 2522 et
883 2475 1032 2520 nutrit
1063 2489 1106 2532 c,
1143 2472 1348 2530 erigitur.
1393 2469 1543 2515 Inurit
1564 2483 1615 2525 Ρ.
1738 2471 1793 2510 14

114 2540 299 2596 oportet
329 2550 412 2582 om.
439 2551 474 2582 c.
596 2538 698 2596 ipso
729 2549 812 2583 om.
836 2549 880 2592 p.
1005 2539 1059 2579 15
1092 2533 1132 2579 si
1153 2534 1223 2577 tffi
1246 2532 1372 2577 etate
1396 2544 1454 2586 pt
1487 2529 1523 2573 si
1553 2531 1631 2584 tpr
1661 2527 1793 2582 (tem-

112 2598 264 2665 pore).
281 2611 317 2642 c.
470 2601 524 2641 17
565 2595 767 2641 doluerit
803 2595 1071 2640 laborantes
1104 2607 1148 2647 c,
1187 2589 1423 2636 doluerint
1451 2586 1717 2631 laborantes
1740 2599 1791 2640 p.

90 2648 328 2701 ‘onfacmo
353 2669 411 2714 Ρ,
445 2655 576 2701 —cio
609 2669 644 2701 c.
792 2659 846 2699 18
878 2653 1139 2699 embrocem
1172 2665 1207 2695 c.
1349 2645 1589 2693 oxirodion
1620 2658 1666 2699 c,
1698 2657 1792 2688 oxi-

112 2716 248 2761 rodu‘x
270 2728 322 2773 p.
453 2719 507 2759 19
537 2713 746 2771 presenti
777 2713 899 2771 (pfiti
930 2713 970 2769 e)
1008 2713 1076 2757 sic
1113 2724 1180 2767 ep.
1301 2720 1410 2752 vero
1442 2718 1523 2750 om.
1549 2718 1600 2760 Ρ.
1719 2715 1792 2745 ro·

115 2789 249 2820 saceo
282 2776 405 2831 (ante
434 2775 538 2842 pro)
581 2787 664 2818 om.
697 2786 732 2818 c.
907 2770 1138 2816 omfacino
1162 2783 1221 2825 p,
1254 2766 1384 2811 —cio
1415 2778 1452 2809 ο.
1625 2766 1679 2806 21
1713 2761 1793 2804 ad·-

113 2833 279 2879 misees
311 2847 356 2891 c,
395 2846 590 2878 amisces
614 2846 664 2888 p.
787 2831 858 2876 sin
889 2844 934 2887 c,
976 2829 1058 2885 Sin
1089 2829 1139 2884 (i.
1173 2841 1206 2873 e.
1241 2826 1290 2871 Si
1313 2827 1388 2882 pc)
1411 2838 1462 2880 p.
1584 2823 1633 2866 et
1662 2833 1718 2864 ex
1741 2832 1790 2874 p.
