2004 3186
806 110 1201 162 —141—

155 229 436 295 paralyticis
462 230 679 295 noxium,
711 228 1008 279 observabis,
1056 230 1292 279 solatione
1332 247 1447 281 vero
1486 236 1657 300 uteriS‚
1692 250 1838 299 quam

158 303 334 352 eliosin
366 304 556 368 dicunt,
598 309 648 351 et
677 305 930 367 gymnasio
968 303 1017 352 id
1050 310 1126 353 est
1157 306 1406 370 exercitiO,
1438 312 1488 355 et
1519 309 1838 372 sinapismum

154 382 207 426 et
245 376 510 440 dropacem
549 383 598 426 et
637 375 994 443 drimysagiam,
1034 379 1195 426 omnia
1237 378 1419 442 cyclico
1458 379 1602 429 modo
1642 380 1837 430 adhibe-

154 448 248 516 his,
282 452 430 499 sicuti
461 451 690 514 superius
722 451 774 498 in
812 451 1040 514 passione
1065 452 1239 515 capitis
1263 451 1538 501 scribentes
1566 453 1838 504 docuimus,

152 529 206 572 et
251 525 293 573 si
339 525 521 572 nimius
567 522 722 571 rubor
768 524 820 571 in
865 523 1003 572 vultu
1051 526 1355 591 apparuerit,
1402 532 1451 574 et
1499 526 1837 591 purgatorium
1861 538 1881 571 5

153 595 478 661 cholagogum
510 595 663 662 dahis,
695 597 738 645 si
768 602 933 645 tamen
966 597 1132 646 senilis
1158 604 1290 647 aetas
1314 600 1513 648 minime
1544 600 1836 664 impedierit.

678 727 769 777 LV.
828 713 913 778 'Ad
953 736 1317 794 quartanam.

303 830 518 895 Simplex
571 838 807 895 quartana
853 834 1014 896 typica
1061 833 1367 883 ordinatione
1414 835 1572 898 prima
1617 833 1695 882 die
1734 848 1836 882 mo·

153 910 297 953 vetur
330 910 379 953 et
415 904 567 954 biduo
606 907 901 970 interposito
942 913 1116 969 quarta
1155 906 1232 955 die
1265 907 1576 956 reformatur.
1640 908 1683 955 si
1718 921 1835 955 vero

151 976 348 1026 duobus
395 977 569 1028 diebus
615 980 719 1043 typi
765 979 974 1027 formam
1021 979 1315 1046 ostenderit,
1360 981 1410 1030 id
1458 987 1534 1029 est
1571 986 1627 1029 ut
1672 981 1835 1044 ipsum
1860 991 1902 1023 10

151 1049 358 1100 biduum
411 1053 568 1116 prima
616 1051 694 1100 die
743 1067 855 1101 cum
901 1052 1040 1101 febre
1088 1053 1191 1101 sola
1238 1054 1480 1103 efficiatur
1526 1061 1576 1102 et
1621 1053 1836 1102 secunda

152 1124 231 1173 die
278 1131 392 1189 post
430 1127 805 1190 exagitationem
852 1126 1051 1190 frigoris
1090 1129 1306 1175 accessio
1347 1126 1560 1176 febrium
1591 1133 1836 1192 nascatur,

151 1204 203 1247 et
235 1213 331 1246 una
363 1199 440 1247 die
471 1200 762 1263 interposita
796 1206 972 1263 quarta
1003 1199 1081 1248 die
1113 1201 1434 1265 reformetur,
1473 1199 1653 1264 duplex
1691 1214 1834 1263 quar-

152 1277 264 1320 tana
311 1272 602 1321 ostenditur.
672 1274 715 1320 si
759 1287 877 1321 vero
922 1288 1013 1337 per
1058 1275 1221 1337 ipsum
1267 1273 1472 1322 biduum
1520 1275 1651 1321 inter
1687 1272 1835 1320 horas

151 1344 354 1393 diurnas
394 1351 447 1394 et
486 1353 754 1395 nocturnas
786 1347 934 1394 tertio
974 1347 1307 1395 accessionem
1339 1348 1550 1411 typicam
1589 1347 1836 1394 senserint
1859 1358 1900 1390 15

150 1424 484 1482 aegrotanteS,
532 1434 629 1468 una
677 1419 756 1467 die
796 1420 924 1468 sicut
964 1434 1113 1484 supra
1153 1420 1253 1469 dixi
1289 1419 1498 1468 leviores
1536 1418 1747 1468 habeant
1785 1425 1834 1467 et

149 1498 323 1555 quarta
362 1492 440 1541 die
480 1493 838 1552 reformentur,
884 1498 987 1541 tres
1028 1499 1294 1557 quartanae
1334 1508 1443 1542 esse
1483 1492 1833 1556 significantur.

149 1570 200 1613 et
238 1567 459 1614 nascitur
498 1581 558 1614 ex
597 1565 949 1615 melancholico
992 1566 1214 1615 humore.

297 1641 349 1687 in
381 1639 720 1688 curationibus
751 1654 868 1687 vero
908 1642 1247 1703 quartanarios
1280 1639 1339 1688 ab
1377 1641 1484 1703 ipso
1504 1640 1655 1687 initio
1688 1652 1831 1702 opor·
1904 1689 1909 1693 ,

151 1718 224 1761 tet
262 1713 579 1762 mediocriter
612 1719 660 1761 et
690 1714 808 1761 mite
840 1711 1012 1761 haberi
1043 1718 1093 1761 et
1123 1728 1284 1776 neque
1317 1714 1388 1761 eis
1421 1711 1831 1760 medicamentum
1855 1724 1898 1756 20

271 1873 294 1911 1
330 1850 618 1913 Solidatione
649 1882 717 1924 (,Ρ.
840 1872 867 1912 2
900 1865 1128 1924 gimnasio
1158 1868 1236 1912 vel
1267 1867 1490 1912 exercitifi
1520 1881 1564 1924 e,
1596 1857 1761 1926 gigsiis
1801 1865 1830 1910 i.

150 1926 384 1972 exercitiis
415 1941 468 1983 Ρ.
619 1926 872 1984 sinapismo
911 1927 960 1970 et
998 1927 1196 1983 dropace
1229 1928 1277 1971 et
1314 1925 1582 1982 drimifagia
1604 1940 1655 1983 Ρ.
1805 1929 1831 1968 3

148 1992 228 2030 oia
261 1985 442 2030 cidiaca.
471 1990 548 2030 mo
577 2000 613 2041 c,
647 1991 726 2030 oia.
756 1985 904 2030 cidico
935 2000 982 2029 m
1009 1986 1179 2041 (moico
1211 1990 1316 2030 ante
1346 1986 1480 2042 corr.)
1504 1999 1553 2041 Ρ.
1675 1986 1723 2029 et
1752 1984 1832 2028 ad-

147 2043 330 2089 hibebis
353 2059 405 2100 Ρ.
555 2050 584 2089 4
616 2043 754 2088 sicuti
784 2058 868 2089 om.
901 2058 936 2089 c.
1089 2042 1341 2112 scribentes
1373 2058 1455 2088 om.
1480 2057 1530 2100 Ρ.
1653 2049 1678 2088 6
1712 2043 1832 2087 cola.-

146 2117 321 2170 gogum
338 2118 398 2159 p:
432 2104 731 2159 coagulatum
754 2117 790 2148 c.
913 2102 1072 2147 senilis
1089 2118 1147 2172 Ρ.
1179 2103 1357 2148 iuvenis
1380 2117 1416 2149 c.
1539 2107 1562 2146 7
1595 2103 1663 2146 De
1686 2101 1834 2158 tipica

146 2161 363 2219 passione
387 2177 425 2219 Ρ
457 2162 550 2219 (Ad
585 2163 738 2219 tipum
780 2160 1049 2218 quartinum
1078 2163 1145 2206 sic
1174 2163 1270 2208 ind.
1296 2163 1365 2218 Ρ.)
1546 2166 1573 2205 8
1603 2160 1750 2217 tipica
1773 2173 1831 2216 Ρ;

143 2220 246 2278 tipo
270 2236 321 2278 Ρ.
445 2227 470 2265 9
502 2221 644 2265 biduo
671 2247 726 2254 —
752 2220 828 2264 die
858 2234 942 2264 om.
968 2234 1004 2266 c,
1125 2221 1227 2265 IIII
1253 2221 1328 2265 die
1345 2234 1395 2288 Ρ.
1520 2224 1574 2263 10
1603 2219 1831 2274 (formam)

147 2279 406 2324 ostenditur
433 2294 478 2335 c,
518 2279 725 2325 ostendit
761 2284 868 2324 ante
906 2293 1021 2324 corr.
1050 2294 1097 2336 Ρ.
1277 2281 1331 2323 ut
1367 2279 1522 2335 ipsum
1554 2277 1748 2322 biduum
1771 2291 1830 2333 p:

145 2340 199 2382 ut
227 2353 260 2396 p
290 2354 389 2395 ipm
419 2314 598 2384 iu’dicifi
629 2343 842 2383 e.12
876 2341 984 2396 post
1007 2352 1044 2384 e.
1072 2339 1126 2383 fr,
1154 2353 1197 2383 c:
1231 2337 1546 2395 exagitatione
1577 2336 1762 2393 frigoris
1779 2350 1830 2391 Ρ.

148 2402 203 2441 13
238 2399 287 2442 et
316 2411 408 2441 una
438 2398 514 2442 die
546 2398 598 2453 (Ι.
623 2397 699 2442 die
723 2398 778 2454 Ρ)
804 2423 859 2429 -
885 2398 977 2454 (16)
1003 2399 1270 2454 egrotantes
1294 2411 1378 2442 om.
1403 2410 1439 2440 c.
1558 2395 1659 2440 IIII.
1685 2395 1759 2438 die
1777 2408 1828 2450 Ρ.

144 2457 218 2500 hic
246 2461 402 2501 notam
430 2457 563 2501 habet
584 2462 644 2512 Po
673 2458 726 2500 in
755 2470 899 2514 mary.
932 2456 1136 2511 „Idem
1122 2472 1172 2500 ιιι
1201 2453 1572 2514 passi<onario>.
1635 2453 1690 2497 de
1714 2466 1830 2508 pery

144 2514 286 2559 febre.
334 2514 457 2559 Nam
488 2514 756 2560 cotidiani&
906 2490 959 2559 15
993 2515 1234 2559 diuturnas
1259 2529 1310 2582 Ρ.
1447 2511 1640 2557 senserit
1662 2525 1699 2567 Ρ
1731 2511 1830 2567 (ubi

145 2573 310 2618 iterwm
333 2579 392 2631 ΡΟ
429 2574 482 2617 in
516 2587 660 2631 mary.
700 2574 859 2630 „Idem
895 2580 916 2618 ῑ
946 2577 1026 2631 pa.3
1058 2599 1113 2606 —
1145 2575 1176 2618 i.
1209 2588 1242 2618 e.
1282 2573 1331 2617 in
1368 2569 1652 2636 passionario
1685 2594 1739 2601 —
1771 2569 1828 2612 de

146 2632 311 2678 eodem
342 2647 379 2677 c.
415 2631 505 2685 Qui
534 2634 659 2677 vero‘
663 2634 709 2689 ⁴.)
832 2638 887 2676 16
918 2646 1012 2677 una.
1043 2632 1118 2677 die
1149 2646 1192 2688 c,
1224 2632 1259 2676 I.
1293 2631 1368 2676 die
1390 2645 1441 2688 Ρ.
1561 2627 1758 2672 diximus
1791 2641 1825 2671 c.

146 2690 322 2736 leviore
353 2705 399 2746 c,
430 2691 631 2735 leniores
654 2705 705 2747 Ρ.
860 2697 913 2736 17
945 2691 1220 2736 reformetur
1242 2705 1301 2747 Ρ,
1342 2688 1553 2733 -matur
1584 2702 1619 2732 c.
1773 2690 1825 2729 19

147 2751 496 2865 {luatrtangprum
520 2764 571 2807 Ρ.
752 2752 810 2806 cf.
844 2750 1004 2795 Galen.
1039 2750 1144 2805 XI,
1184 2754 1244 2794 37
1274 2762 1336 2805 sq.
1517 2751 1573 2790 20
1609 2744 1742 2789 mitte
1773 2757 1826 2800 cp

163 2823 229 2852 mi
252 2823 277 2854 e
300 2824 338 2865 Ρ
381 2846 390 2854 .
