2004 3186
859 138 919 144 —
1005 107 1259 160 146—

209 231 258 280 id
311 239 387 281 est
437 231 735 296 dimissoria,
790 235 988 294 oportet
1041 229 1314 293 cumprime
1361 235 1615 293 aegrotum
1665 229 1897 296 ydrelaeo

210 304 366 354 calido
412 309 711 369 perunctum
758 302 918 352 lavare
966 300 1188 352 calidiori
1232 301 1423 351 lavacro
1477 317 1536 352 ex
1583 318 1708 368 aqua
1762 304 1895 357 dulci

207 384 521 444 praeparat0,
575 383 626 426 et
679 378 886 426 maxime
940 374 1049 424 illos
1099 375 1406 425 lavacrorum
1459 383 1726 444 amatoreS,
1770 393 1899 443 quos

184 450 385 501 -Graeci
437 450 768 500 filolutruntas
822 448 1082 514 appellant.
1159 455 1209 498 et
1261 455 1524 514 postquam
1579 450 1894 503 calidioribus

165 536 186 568 5

143 906 186 937 10

143 1274 186 1305 15

143 1719 185 1776 2¹0

211 525 347 575 cellis
380 539 612 590 egressus
644 524 809 590 suerit,
840 525 892 572 in
924 523 1161 587 piscinam
1194 521 1498 573 descendere
1528 524 1692 576 facies
1748 527 1895 576 etiam

209 606 259 648 et
297 600 466 648 urinas
499 597 708 663 simplici
741 598 1009 662 apozimate
1046 596 1337 662 provocabis
1371 612 1431 646 ex
1470 597 1759 648 decoctione
1797 602 1895 665 apii

209 680 259 722 et
316 674 468 739 aneti,
522 686 619 748 quo
674 672 832 736 possit
883 669 1064 720 humor
1118 669 1198 719 ille
1245 669 1429 720 fellitus
1471 686 1562 736 per
1604 674 1773 722 urinas
1812 673 1894 723 de·

208 747 424 811 purgari.
485 747 599 794 vino
638 760 754 794 vero
795 751 1058 809 antequam
1090 745 1343 809 aegritudo
1383 746 1560 810 pepsin
1599 746 1744 795 faciat
1781 762 1894 812 pro-

209 818 416 869 hibebis.
477 824 737 884 postquam
778 833 895 867 vero
934 818 1110 867 fecerit
1146 820 1344 884 pepsin,
1383 825 1533 868 tenue
1574 826 1623 869 et
1661 826 1895 904 aquatum

211 892 467 943 concedes,
539 898 588 942 et
627 892 833 941 mulsam
881 890 1107 956 frigidam
1147 891 1240 941 sub
1287 891 1408 941 hora
1447 894 1744 952 accessionis
1781 901 1896 959 post

208 969 417 1032 primam
462 965 723 1030 periodum
769 967 908 1031 potui
955 964 1115 1032 dabis,
1162 968 1393 1030 quoniam
1441 966 1507 1015 fel
1551 965 1787 1034 rubeum,
1833 982 1895 1017 ex

210 1055 308 1105 quo
364 1055 509 1089 causa
563 1045 812 1106 movetur,
868 1054 1019 1104 super
1074 1054 1244 1088 omnes
1298 1039 1533 1089 humores
1587 1041 1638 1089 in
1686 1055 1896 1106 corpore

211 1116 339 1163 sicca
379 1122 428 1163 et
466 1128 629 1162 amara
668 1115 849 1163 virtute
887 1114 1040 1178 viget,
1078 1112 1288 1176 ideoque
1320 1119 1378 1162 ut
1409 1128 1557 1178 supra
1597 1113 1784 1163 dictum
1820 1122 1897 1165 est

210 1193 549 1252 competenter
603 1186 931 1237 humectando
987 1192 1036 1235 et
1090 1186 1428 1251 refrigerando
1485 1194 1534 1236 et
1588 1186 1897 1238 obdulcando

211 1260 419 1311 sanabis,
490 1258 560 1310 sic
609 1262 740 1310 enim
787 1262 948 1310 omnia
995 1261 1257 1309 contrariis
1305 1259 1399 1310 sibi
1443 1259 1595 1310 rebus
1642 1269 1895 1312 curantur.

357 1335 565 1400 fysicum
598 1334 656 1383 ad
688 1341 860 1399 typum
890 1336 1174 1384 tertianum.
1233 1333 1482 1383 coriandri
1513 1336 1714 1384 seminis
1746 1350 1897 1400 grana

209 1409 276 1457 111
316 1414 429 1473 post
467 1409 664 1458 tertiam
704 1408 779 1457 vel
819 1414 1044 1472 quartam
1082 1406 1343 1472 periodum
1385 1407 1523 1457 dabis
1562 1410 1806 1459 nescienti
1845 1411 1896 1458 in

209 1498 300 1531 ovo
326 1481 570 1531 sorbenda
594 1489 706 1531 ante
740 1482 856 1531 solis
888 1488 1053 1530 ortum
1085 1488 1196 1530 ante
1230 1483 1579 1549 accessionem,
1612 1489 1660 1531 et
1686 1481 1898 1532 sanabis,

298 1627 462 1677 LVIII.
523 1627 603 1678 Ad
643 1636 843 1693 typum
886 1629 1211 1678 tertianum
1252 1644 1367 1678 non
1407 1630 1805 1680 manifestum.

357 1731 467 1780 Non
498 1731 790 1781 manifestus
823 1733 1063 1781 tertianus
1096 1746 1122 1780 a
1154 1730 1355 1781 Graecis
1388 1731 1570 1781 nothus
1610 1732 1896 1798 appellatur.

209 1805 289 1854 hic
317 1812 462 1870 typus
487 1804 717 1855 sordidus
742 1820 767 1854 a
786 1805 987 1854 Graecis
1014 1820 1220 1870 ryparos
1244 1804 1514 1871 appellatus
1532 1805 1624 1855 sub
1654 1807 1896 1872 frigidiori

332 1982 353 2019 1
381 1982 438 2028 05
460 1980 516 2021 esi
539 1962 647 2033 1¹)me
677 1978 889 2034 egrotum
914 1991 952 2032 c,
983 1978 1172 2033 oportet
1193 1979 1406 2033 egrotum
1430 1977 1580 2034 primo
1605 1991 1656 2034 Ρ.
1776 1978 1896 2023 idre-

209 2036 317 2080 leon
356 2035 561 2080 calidum
601 2050 643 2092 c,
690 2036 881 2092 ydrolee
923 2035 1078 2093 (-l'e)
1117 2035 1270 2081 calido
1300 2050 1352 2093 Ρ.
1533 2042 1559 2081 3
1607 2037 1806 2094 §parato
1850 2051 1894 2082 c:

212 2111 469 2166 temperato
494 2123 544 2166 Ρ.
668 2115 696 2153 4
726 2102 980 2155 filolutri'it‘s
1002 2123 1065 2166 Ρ,
1097 2109 1417 2155 filolutimidos
1448 2124 1471 2154 c
1501 2110 1624 2166 (Ga-l.
1663 2111 1768 2167 XI,
1801 2112 1894 2168 34).

209 2173 234 2212 5
268 2169 317 2212 in
347 2181 431 2213 om.
465 2182 531 2225 cp.
659 2168 775 2213 facis
807 2182 876 2225 ιΡ.
1005 2169 1148 2213 etiam
1180 2194 1238 2201 —
1269 2169 1545 2225 provocabis
1577 2183 1660 2216 om.
1694 2184 1729 2216 c,
1870 2176 1894 2213 7

209 2228 258 2271 et
287 2226 416 2272 tanei
447 2240 492 2283 c,
524 2229 580 2272 et
609 2232 681 2273 afi.
708 2241 745 2283 Ρ
777 2229 843 2283 (et
873 2227 1000 2273 aneti
1023 2229 1114 2284 100).
1267 2228 1392 2283 quod
1422 2241 1474 2284 Ρ.
1624 2229 1783 2273 vinum
1826 2243 1894 2285 οΡ.

208 2286 365 2330 urinas
398 2299 440 2331 c:
473 2300 641 2331 —nam
663 2301 714 2343 Ρ.
897 2285 1166 2344 depurgat-i:
1209 2287 1454 2344 provocari
1486 2288 1584 2343 (sic)
1618 2300 1685 2343 cp.
1867 2291 1894 2331 8

208 2345 374 2402 pepsin
405 2350 482 2402 0Ρο
513 2348 631 2403 (pesi
663 2349 771 2391 ante
801 2358 914 2391 corr.
940 2347 1008 2403 Ρ).
1129 2344 1274 2390 saciat
1289 2359 1348 2402 p:
1380 2345 1496 2390 facit
1520 2359 1554 2390 e.
1678 2351 1704 2390 9
1729 2346 1896 2404 pepsin

209 2404 373 2449 fecerit
395 2418 445 2460 Ρ.
570 2410 622 2448 11
656 2405 857 2462 primum
882 2419 949 2461 οΡ.
1073 2404 1291 2460 quoniam
1308 2418 1365 2461 p:
1399 2411 1493 2461 qua
1516 2419 1551 2449 c.
1677 2410 1729 2449 12
1756 2419 1897 2450 causa,

210 2464 300 2519 (ca)
333 2477 400 2520 οΡ.
524 2468 579 2507 13
610 2466 665 2508 ut
696 2490 750 2496 —
786 2466 878 2520 (14)
910 2463 1226 2522 refrigerando
1260 2479 1303 2508 c:
1336 2478 1417 2509 om.
1436 2478 1487 2520 Ρ.
1613 2469 1665 2509 17
1697 2465 1895 2509 tercium

209 2522 283 2567 vel
318 2523 536 2579 quartum
568 2536 611 2568 e:
643 2522 722 2567 111.
755 2523 833 2568 vel
865 2523 976 2568 ..IIII
1002 2537 1053 2579 Ρ.
1174 2523 1222 2567 in
1250 2537 1389 2567 ovum
1413 2525 1519 2580 (ovo
1544 2525 1584 2579 c)
1615 2523 1895 2568 sorbendum

213 2580 351 2638 (-d')
376 2596 426 2638 Ρ.
552 2586 606 2626 18
639 2595 680 2626 a.
714 2584 867 2627 ortum
897 2581 1006 2627 solis
1029 2597 1080 2639 Ρ.
1201 2584 1311 2627 ante
1335 2584 1466 2639 (acc.)
1482 2596 1541 2638 Ρ.
1573 2584 1655 2626 aut
1678 2596 1713 2626 c.
1839 2587 1892 2626 19

209 2640 279 2684 De
310 2655 401 2684 non
432 2641 679 2686 manifesto
708 2641 914 2687 tertiano
937 2655 975 2697 Ρ
1006 2644 1076 2699 (in
1106 2654 1193 2698 quo
1222 2645 1373 2686 tamen
1395 2642 1511 2686 male
1543 2641 1764 2686 antecedit
1794 2654 1892 2696 cap.

210 2698 308 2754 „De
339 2702 453 2757 hypo
485 2700 773 2756 quotidiano‘
777 2701 827 2756 ⁴),
867 2701 942 2744 Ad
979 2701 1132 2758 tipum
1169 2701 1421 2745 tertiarium
1459 2714 1553 2745 non
1594 2699 1893 2744 manifestum

208 2733 306 2802 i’nd.
347 2772 370 2802 c
411 2762 471 2813 (et
502 2762 579 2816 Ρ)ε
629 2759 703 2803 Ad
740 2761 936 2804 notham
973 2760 1226 2805 tercianam
1266 2774 1302 2805 c.
1500 2765 1551 2803 21
1602 2759 1779 2815 riparos
1825 2772 1892 2814 οΡ.

209 2817 472 2873 appellatur
503 2832 538 2862 c.
659 2818 963 2875 frigidissimo
989 2833 1038 2876 Ρ.
