2004 3186
808 102 1204 155 —139—

156 223 314 271 veteri
352 228 403 271 et
440 223 572 271 nitro
604 227 654 270 et
685 220 828 270 melle
861 221 1054 271 modico
1087 221 1302 272 adhibita
1337 222 1555 274 vertebri
1585 224 1841 275 humorem

157 295 391 359 frigidum
442 295 698 360 depurgat.
783 296 826 343 si
876 310 992 343 vero
1042 301 1156 360 post
1205 295 1471 346 secundam
1521 297 1598 346 vel
1646 300 1840 348 tertiam

155 370 474 418 iniectionem
513 369 713 417 minime
754 368 940 417 fuerint
978 368 1181 418 relevati
1217 371 1483 436 patienteS‚
1534 373 1841 421 extrinsecus

146 441 249 491 -sub
290 441 519 491 clunibus
552 448 602 491 et
633 441 811 490 humor
850 443 956 506 ipse
989 442 1291 508 ostenditur,
1330 450 1527 508 praeter
1558 459 1615 493 ea
1647 452 1842 509 oportet

155 517 291 579 ipsos
322 514 603 564 laborantes
635 513 792 563 calido
817 517 891 564 uti
923 514 1114 564 lavacro
1147 523 1198 565 et
1228 516 1335 566 loca
1359 532 1484 581 quae
1516 518 1702 566 fuerint
1732 517 1839 567 oleo
1864 528 1884 560 5

155 588 231 637 vel
279 594 532 653 unguento
579 587 766 652 polluta
812 587 1185 653 diligentissime
1241 590 1399 654 pridie
1446 605 1628 655 sapone
1678 590 1840 640 lavari.

145 660 333 711 dehinc
372 660 465 710 alia
505 660 583 710 die
623 660 842 726 thapsiae
884 677 1002 711 suco
1043 664 1174 727 ipsas
1215 662 1377 712 illines
1415 670 1581 728 partes
1620 671 1670 713 et
1708 666 1840 713 sines

147 733 312 783 donec
358 734 596 784 inflentur
636 749 724 784 seu
773 735 1136 802 pustnlescant,
1184 743 1234 785 et
1278 743 1392 801 post
1430 736 1536 786 dies
1574 736 1641 785 ΙΙΙ
1680 744 1765 786 aut
1802 736 1841 782 V

149 810 398 857 cerotario
453 823 514 857 ex
569 807 827 873 diachylon
881 809 1106 858 confecto
1160 811 1331 859 uteris,
1409 811 1486 858 sin
1532 825 1647 859 vero
1694 812 1839 859 nimis

151 881 365 931 acerbus
414 883 633 946 coegerit
679 881 841 947 dolor,
887 884 1034 931 etiam
1073 889 1124 932 et
1169 884 1220 932 in
1260 882 1489 932 cruribus
1529 898 1678 948 snpra
1716 883 1839 932 talos
1865 894 1906 925 10

154 956 419 1004 interiores
465 969 614 1003 venas
669 955 857 1004 incides
909 962 959 1004 et
1012 962 1125 1020 post
1178 956 1532 1006 detractionem
1587 958 1839 1021 sanguinis

155 1029 335 1078 factam
373 1027 731 1078 medicamento
780 1028 1044 1094 emplastro
1091 1029 1358 1078 ischiadico
1407 1031 1576 1079 uteris,
1635 1037 1686 1079 et
1724 1045 1837 1079 con-

152 1102 320 1151 ficitur
366 1103 453 1150 sic.
523 1103 702 1167 recipit
749 1102 972 1167 adarceS,
1020 1104 1225 1167 sinapiS‚
1271 1105 1480 1168 pyretri‚
1527 1104 1839 1168 statisagriae,

154 1174 388 1224 bacarum
433 1174 582 1241 lauri,
631 1177 865 1236 samsuci,
912 1177 1053 1238 nitri,
1098 1178 1307 1242 piperiS,
1354 1178 1574 1225 omnium
1619 1183 1730 1225 octo
1779 1187 1838 1226 —1—

145 1248 392 1314 singulaS,
445 1250 638 1297 resinae
679 1249 832 1298 frixae
871 1248 906 1302 3
943 1248 1027 1314 VI,
1067 1264 1208 1298 cerae
1250 1257 1298 1298 et
1336 1249 1432 1298 olei
1469 1250 1649 1298 veteris
1686 1248 1837 1298 libras
1863 1260 1903 1292 15

145 1321 382 1387 singulas,
445 1337 506 1370 ne
548 1321 694 1371 molle
734 1328 897 1388 exeat,
934 1319 970 1375 5
1008 1321 1070 1370 VI
1109 1324 1274 1371 mittes
1314 1322 1423 1370 olei.

658 1467 803 1518 LIIII.
864 1467 945 1517 Ad
983 1468 1319 1533 paralysim.

296 1571 387 1620 Est
433 1578 597 1620 autem
643 1571 880 1636 paralysis
927 1574 1144 1621 causatio
1193 1586 1456 1621 nervorum
1507 1573 1591 1635 qui
1630 1570 1835 1635 singulis

154 1644 368 1694 motibus
408 1644 745 1694 membrorum
792 1647 1070 1694 inserviunt
1109 1652 1192 1694 aut
1239 1660 1451 1709 quorum
1490 1643 1699 1693 naturali
1738 1643 1833 1692 col-

152 1719 382 1784 ligatione
423 1717 613 1781 singula
653 1718 874 1766 membra
912 1724 1168 1782 reguntur.
1231 1734 1290 1767 ex
1322 1733 1417 1782 qua
1449 1718 1688 1781 contingit
1727 1718 1900 1765 sine'20

145 1794 436 1857 operatione
477 1791 607 1840 effici
644 1798 814 1856 partes
853 1807 977 1855 quae
1016 1793 1286 1856 patiuntur.
1348 1797 1398 1839 et
1429 1798 1545 1839 sunt
1576 1790 1831 1838 distantiae

266 1997 292 2035 3
340 1990 538 2035 relevati
585 2004 629 2035 c:
675 1991 871 2036 revelati
909 2005 959 2048 p.
1164 1995 1194 2034 4
1240 1990 1325 2034 sub
1372 1988 1540 2034 cubitis
1583 1989 1750 2033 humor
1796 2001 1832 2041 c,

142 2051 376 2134 sucfibffg‘}
402 2064 569 2109 humor
592 2078 643 2121 p.
818 2064 918 2121 ipse
949 2077 1031 2109 om.
1058 2078 1110 2120 p.
1273 2065 1486 2120 preterea
1508 2077 1567 2120 p:
1600 2063 1766 2119 postea
1798 2075 1831 2106 c.

144 2144 174 2183 6
206 2138 392 2195 polluta
414 2151 474 2193 p:
506 2138 678 2194 pocula
709 2152 745 2182 c.
866 2137 1017 2194 pridie
1047 2138 1147 2194 (sic)
1173 2150 1264 2193 pro
1294 2137 1445 2193 prima
1475 2136 1549 2181 die
1581 2150 1647 2192 cp.
1768 2135 1834 2178 la-

145 2195 276 2242 vacri
306 2211 342 2252 c,
373 2197 530 2241 lavare
555 2211 606 2253 p.
745 2202 770 2240 7
804 2201 916 2241 sucfi
948 2211 984 2242 c.
1121 2196 1264 2240 illinis
1296 2209 1363 2252 cp.
1484 2194 1595 2239 sinis
1619 2208 1686 2251 cp.
1807 2199 1833 2238 8

144 2255 469 2313 pustulesoant
500 2269 555 2311 cp
598 2255 675 2311 (cf.
712 2255 830 2301 Cael.
862 2256 980 2300 Aur.
1005 2270 1057 2312 p.
1091 2259 1214 2310 553).
1396 2260 1421 2299 9
1455 2255 1681 2298 cerotario
1713 2254 1761 2297 et
1783 2266 1832 2308 p,

147 2317 397 2359 centaurea
428 2327 484 2358 ex
515 2328 550 2359 c.
675 2314 911 2359 diachilon
942 2328 1009 2371 cp.
1132 2313 1341 2358 confecto
1369 2312 1529 2369 (-tio)
1553 2326 1590 2369 p
1621 2313 1746 2368 (—-to
1778 2315 1832 2366 c),

145 2373 232 2418 Sin
262 2374 366 2427 (ubi
393 2388 427 2416 n
459 2373 513 2416 in
542 2387 634 2418 ras.
668 2378 804 2430 corr.)
827 2387 885 2430 p:
918 2373 968 2417 Si
1000 2387 1035 2418 c.
1174 2378 1230 2416 10
1263 2372 1454 2417 acerbus
1488 2385 1530 2415 c:
1563 2385 1668 2415 acer
1699 2371 1747 2425 (?
1779 2382 1833 2413 ex

143 2446 262 2477 corr.
300 2433 539 2489 incertum)
562 2446 613 2489 p.
744 2432 888 2477 etiam
927 2446 1011 2477 om.
1043 2446 1079 2477 c.
1212 2435 1264 2474 11
1297 2430 1537 2484 inferiores
1568 2443 1634 2486 cp,
1763 2428 1833 2471 in-

84 2532 98 2544 ,
147 2490 262 2536 cidis
307 2504 331 2534 c
376 2490 534 2545 (—des
572 2494 637 2547 p).
832 2497 886 2535 12
933 2490 1326 2536 medicamentum
1373 2503 1440 2546 cp.
1628 2486 1834 2543 eplaustf

134 2549 406 2607 4-ps-cld1ac
431 2562 483 2604 p,
515 2550 656 2606 epl'm
687 2549 902 2608 sciaticus
934 2564 959 2603 z
991 2549 1229 2607 pfitiaticfl
1260 2562 1297 2594 c.
1436 2552 1489 2591 13
1520 2548 1563 2600 Bc
1593 2559 1636 2589 c:
1672 2558 1755 2589 om.
1780 2559 1830 2601 p.

146 2622 346 2667 adai-icis
379 2636 413 2667 c.
536 2615 686 2680 sinap'i
716 2637 760 2668 c:
794 2637 911 2681 —pe
935 2637 987 2680 p.
1133 2628 1189 2667 14
1221 2624 1316 2667 o'ffii
1345 2623 1449 2666 octo
1482 2606 1535 2671 ἒ.
1569 2617 1756 2675 singl'as
1787 2631 1831 2661 c:

146 2685 219 2726 afi.
250 2685 295 2737 ἢ
326 2682 360 2725 Ι.
385 2695 435 2737 p.
562 2685 616 2725 15
649 2681 752 2727 c'te.
779 2682 872 2727 olei
896 2681 1054 2726 uteriS.
1086 2681 1259 2739 singl'ls
1282 2695 1340 2726 ne
1365 2713 1375 2723 .
1402 2714 1411 2723 .
1438 2714 1447 2723 .
1474 2679 1574 2735 (sic)
1599 2692 1635 2722 c.
1758 2680 1829 2720 afi.

146 2739 192 2785 Γ.
224 2741 259 2786 Ι.
284 2754 334 2796 p.
461 2744 514 2784 16
539 2753 597 2784 ne
621 2740 764 2785 molle
789 2743 925 2786 exeat
949 2742 1049 2798 (sic)
1073 2754 1127 2797 cp
1159 2741 1293 2795 (forte
1321 2739 1454 2784 scrib.
1492 2739 1574 2782 aut
1602 2752 1645 2782 n.
1671 2750 1730 2780 m.
1757 2736 1829 2790 e.).

149 2804 204 2844 17
237 2799 306 2843 De
336 2798 550 2856 passione
581 2799 775 2856 paralisi
797 2813 848 2856 p.
973 2804 1028 2843 21
1063 2799 1243 2844 efficere
1275 2812 1343 2855 cp.
