2004 3186
781 109 1182 161 -121—

134 230 360 293 sequitur
405 235 568 279 autem
615 230 667 277 in
712 229 941 294 passione
997 231 1293 280 constitutos
1339 232 1660 283 articulorum
1706 251 1815 300 per-

134 302 296 351 frictio
337 309 388 351 et
424 303 639 368 parvitas
677 301 875 368 pulsuS‚
912 304 1040 367 iugis
1079 305 1290 354 vomitus
1323 320 1437 355 cum
1467 307 1817 357 intestinorum

131 383 403 442 tormento,
471 382 522 425 et
578 377 765 425 ventris
820 374 999 425 solutio
1054 392 1109 426 ac
1164 378 1403 428 stomachi
1457 395 1571 429 cum
1619 383 1816 445 pruritu

130 451 332 499 ventris.
419 450 634 499 efficitur
695 464 755 498 ex
817 450 1128 500 antecedenti
1181 451 1508 517 indigestione
1561 461 1647 503 aut
1703 454 1816 504 mali

130 523 469 573 medicaminis
500 528 698 588 accepta
731 525 947 588 potione.
1010 531 1061 574 et
1091 524 1255 574 differt
1286 541 1312 574 a
1344 526 1546 593 diarria,
1585 530 1815 592 quoniam
1838 536 1859 569 5

131 596 376 656 cholerica
431 598 593 662 passio
642 598 772 646 sicut
825 596 1038 647 diximus
1085 613 1174 663 per
1221 606 1444 649 ventrem
1498 600 1712 651 efficitur
1766 610 1816 651 et

130 672 316 720 vomitu
353 669 590 736 plurimo,
628 669 809 720 diarria
851 685 968 719 vero
1007 686 1122 720 non.

278 745 328 793 in
361 743 701 794 curationibus
733 759 850 793 vero
890 744 1138 809 polentam
1169 745 1345 795 elixam
1376 745 1581 797 calidam
1620 749 1671 796 in
1704 747 1813 798 cibo

128 817 266 867 dabis
321 833 436 867 cum
482 819 594 866 vino
648 817 831 867 melino
885 818 933 867 id
981 825 1058 868 est
1103 821 1394 886 granaticio‚
1449 827 1499 870 et
1548 820 1640 870 alia
1689 837 1813 886 quae

128 891 274 945 simili
313 893 494 941 virtute
534 890 727 941 valeant
772 891 1080 942 stomachum
1127 893 1449 943 confortando
1497 909 1724 945 recreare
1763 902 1813 945 et
1838 904 1882 937 10

127 967 257 1015 vires
302 967 537 1030 patientis
584 965 832 1031 depositas
880 967 1086 1030 erigere.
1157 966 1244 1016 sed
1299 968 1341 1016 si
1395 968 1522 1017 sorte
1577 983 1634 1017 ea
1688 984 1812 1033 quae

127 1041 375 1105 acceperit
420 1041 621 1088 minime
670 1039 952 1089 stomachus
999 1041 1239 1105 tenuerit,
1286 1041 1478 1090 modico
1518 1038 1812 1107 (tempore)

125 1114 419 1178 interposito
466 1115 651 1162 iterum
698 1114 906 1163 reficies,
976 1113 1068 1162 hoc
1115 1116 1263 1163 tertio
1313 1114 1387 1163 vel
1437 1121 1613 1179 quarto
1664 1116 1813 1164 facies

127 1201 388 1252 quousque
425 1186 709 1236 stomachus
747 1186 930 1251 aliquid
971 1194 1287 1252 acceptorum
1318 1189 1550 1255 retineat,
1590 1204 1651 1238 ne
1683 1190 1813 1237 vires

126 1261 426 1326 aegrotantis
458 1261 651 1310 minuto
692 1262 916 1326 corporis
948 1262 1253 1310 nutrimento
1285 1262 1611 1311 insumantur.
1667 1263 1811 1311 etiam
1837 1272 1879 1304 15

125 1341 175 1384 et
221 1335 530 1384 summitates
584 1349 818 1383 manuum
858 1349 914 1383 ac
961 1333 1142 1398 pedum
1182 1336 1456 1399 constringi
1494 1334 1710 1401 iubebiS‚
1763 1343 1813 1384 et

124 1407 359 1457 articulos
413 1409 590 1472 pannis
646 1406 815 1457 calidis
870 1406 1126 1457 calefacies
1181 1414 1231 1457 et
1276 1407 1384 1457 lana
1434 1408 1567 1457 molli
1613 1416 1812 1474 opertos

124 1481 332 1549 tutabiS‚
387 1488 437 1530 et
492 1482 534 1530 si
586 1483 795 1531 nimium
841 1483 1055 1531 senserit
1103 1482 1454 1531 intestinorum
1496 1488 1812 1548 tormentum,

126 1557 344 1621 spongiis
377 1554 569 1604 duabus
593 1570 652 1604 ex
679 1554 834 1604 calida
863 1570 1011 1620 posca
1045 1556 1293 1619 expressis
1325 1555 1509 1605 alterna
1542 1557 1811 1605 mutatione

124 1628 413 1679 umbilicum
460 1628 718 1694 vaporabis
766 1636 815 1678 et
861 1635 975 1694 post
1020 1629 1389 1693 vaporationem
1433 1628 1557 1678 lanis
1603 1643 1663 1678 ex
1702 1628 1809 1677 oleo
1833 1640 1876 1672 20

126 1703 306 1752 melino
345 1702 512 1768 tepido
553 1704 748 1767 operies
789 1708 836 1751 et
876 1701 1118 1751 fasciabiS.
1183 1708 1232 1751 et
1263 1703 1305 1751 si
1340 1703 1567 1751 nimietas
1599 1704 1809 1751 vomitus

125 1778 370 1842 coegerit,
417 1775 727 1825 cucurbitam
774 1775 1015 1825 stalticam
1067 1775 1117 1823 id
1165 1781 1241 1824 est
1287 1777 1683 1825 constrictoriam
1736 1777 1811 1823 ori

123 1852 311 1900 ventris
351 1848 734 1915 conglutinabiS‚
773 1855 825 1898 et
862 1849 1125 1898 omfacium
1158 1863 1272 1897 cum
1308 1848 1462 1898 calida
1494 1864 1619 1913 aqua
1658 1848 1808 1898 dabis,

124 1931 173 1972 et
242 1925 285 1973 si
354 1922 514 1972 adhuc
583 1921 720 1972 cibos
784 1924 986 1972 minime
1055 1923 1274 1972 tenuerit
1342 1921 1647 1988 stomachuS,
1715 1923 1810 1971 erit

245 2115 267 2153 1
301 2108 610 2166 con(9)frictio
643 2123 694 2166 c,
725 2106 995 2166 perfricatio
1020 2121 1070 2164 Ρ.
1221 2114 1247 2152 2
1280 2121 1386 2152 eum
1418 2121 1501 2154 om.
1534 2121 1579 2165 c,
1614 2109 1696 2153 ubi
1724 2108 1807 2153 int.

121 2169 421 2214 tormentum.
552 2173 578 2213 3
611 2182 666 2213 ac
700 2181 745 2212 c·
778 2169 826 2212 et
854 2180 905 2224 Ρ.
1029 2173 1054 2211 5
1078 2165 1270 2223 potione
1293 2168 1460 2223 acepta
1476 2181 1527 2223 Ρ.
1650 2172 1676 2212 8
1700 2181 1809 2212 vero

121 2241 205 2272 om.
245 2241 281 2272 c.
431 2227 678 2284 polentum
717 2227 976 2284 (pulentum
1016 2227 1057 2282 c)
1078 2182 1272 2270 pelixum
1318 2225 1522 2270 calidum
1564 2239 1631 2283 cp.
1783 2231 1808 2270 9

120 2285 314 2331 mellino
339 2300 397 2342 Ρ,
430 2286 607 2332 malino
639 2300 675 2332 c.
812 2284 1071 2343 granaticio
1098 2299 1154 2341 p:
1187 2297 1334 2341 grana
1363 2284 1549 2329 triticeo
1581 2299 1617 2330 c.
1755 2291 1809 2329 10

121 2344 264 2389 simili
295 2349 371 2389 mo
405 2347 479 2403 (=
510 2345 669 2401 modo)
708 2344 881 2389 virtute
921 2348 1194 2388 c.12
1235 2342 1449 2388 denuerit
1484 2344 1590 2399 (sie)
1618 2357 1662 2389 c.
1701 2344 1809 2388 reti-

121 2404 277 2449 nuerit
298 2418 337 2460 Ρ
366 2406 443 2459 (cf.
475 2419 516 2449 v.
548 2408 645 2460 24).
780 2403 966 2449 modico
998 2404 1074 2459 (se.
1106 2403 1332 2459 tempore)
1365 2403 1431 2448 sic
1461 2416 1528 2458 οΡ.
1653 2407 1705 2446 13
1737 2416 1808 2446 re-

121 2463 221 2507 ficis
251 2464 340 2517 (sic
362 2467 419 2520 Ρ)
449 2489 505 2495 —-
538 2464 632 2520 (14)
666 2462 867 2507 retineat
896 2476 980 2507 om.
1014 2476 1050 2506 c.
1257 2466 1311 2504 14
1342 2460 1552 2518 <aliquid
1586 2461 1691 2505 add.
1718 2461 1808 2516 100>

120 2521 175 2566 ut
203 2523 308 2576 (del.
342 2525 480 2578 corr.)
506 2536 541 2580 p
570 2523 816 2572 accentozt
839 2536 890 2578 Ρ.
1014 2525 1068 2565 15
1094 2519 1407 2576 egrotantium
1431 2533 1467 2566 c.
1588 2519 1730 2563 etiam
1761 2519 1808 2562 et

121 2580 170 2625 in
193 2595 253 2637 Ρ,
292 2581 466 2626 etenim
497 2582 546 2625 et
567 2595 603 2627 c
758 2585 812 2626 16
844 2578 1122 2636 constringi.
1155 2578 1214 2633 cf.
1244 2578 1347 2624 Gal.
1382 2578 1479 2633 XI,
1513 2581 1572 2623 50
1602 2579 1806 2634 (διαδεῐν

119 2641 215 2685 scil.
241 2644 432 2696 propter
462 2640 767 2685 musculorum
798 2639 1139 2684 contractiones.
1193 2637 1293 2683 Aet.
1326 2641 1486 2692 9,12.
1517 2640 1590 2682 13.
1614 2650 1667 2694 Ρ.
1702 2639 1804 2680 545.

121 2701 213 2744 546
243 2699 427 2756 Luget).
567 2703 620 2744 17
653 2697 870 2743 calefacti
902 2699 950 2743 et
979 2697 1009 2742 1.
1043 2712 1103 2740 m.
1138 2711 1174 2742 c.
1310 2698 1358 2740 et
1392 2709 1474 2740 om.
1500 2709 1549 2752 Ρ.
1671 2695 1805 2752 optos

120 2757 266 2802 tutari
293 2758 399 2814 (sic)
430 2772 473 2803 c:
505 2770 587 2803 om.
614 2771 664 2814 Ρ.
806 2762 859 2802 18
892 2756 1089 2802 senserit
1119 2770 1162 2800 c:
1203 2753 1452 2800 sumserint
1475 2768 1526 2810 Ρ.
1671 2758 1723 2797 21
1758 2755 1805 2797 et

119 2816 282 2873 tepido
305 2831 355 2873 Ρ.
478 2816 629 2873 operis
659 2830 727 2873 cp.
850 2821 907 2860 24
937 2815 1140 2860 tenuerit
1171 2829 1213 2859 c:
1252 2812 1495 2858 retinuerit
1517 2827 1567 2869 Ρ.
