2004 3186
811 168 1139 204 —V—

127 280 470 340 conservatuS‚
517 288 616 322 uno
664 279 830 322 vetere
886 272 1087 337 quidem
1134 278 1184 321 ct
1234 272 1332 322 fido
1388 273 1475 322 sed
1530 274 1821 338 imperfecte

128 351 234 398 sine
273 347 419 397 titulo
458 362 514 396 ac
554 348 752 396 nomine
792 348 979 410 scripto
1019 340 1097 415 (in
1137 341 1424 415 Germania)
1473 347 1533 396 ad
1572 349 1823 413 exemplar

128 421 260 487 quod
291 428 429 470 recto
461 420 792 485 capitulorum
824 420 1155 485 foliorumque
1187 420 1360 469 ordine
1393 421 1691 471 destitutum
1715 429 1823 472 erat

125 495 455 560 mutilumque
497 502 547 544 et
585 495 897 560 lacunosum,
936 494 1224 544 recentibus
1263 493 1458 544 duobus
1490 497 1698 560 integris
1735 497 1822 546 sed

127 569 332 619 arbitrio
373 570 633 633 scriptoris
679 567 788 618 Itali
832 574 1026 617 textum
1066 568 1336 618 obscurum
1379 571 1675 634 corrigentis
1715 586 1822 620 cor-

126 649 274 708 rupto
313 642 470 692 altero
500 642 770 692 Parisiensi
802 657 839 691 s.
879 640 1012 708 XIII,
1052 642 1207 692 altero
1240 642 1634 707 Cantabrigiensi
1666 659 1704 693 s,
1737 643 1822 692 XV

124 723 332 782 propter
362 717 607 780 insignem
640 716 920 766 litterarum
949 715 1286 766 obsoletarum
1317 732 1376 765 ex
1408 723 1576 766 vetere
1609 717 1823 782 quodam

125 790 356 856 bonoque
395 789 666 855 exemplari
704 789 1014 854 depictarum
1055 791 1303 840 inscitiam
1348 793 1822 842 monstruosissimo.

125 864 459 914 Parisiensem
496 858 643 932 (tunc
683 879 762 913 110.
800 860 965 926 1125)
1000 865 1192 928 primus
1231 866 1524 914 monstravit
1563 864 1823 930 Philippus

125 938 356 988 Labbeus
402 940 454 988 in
492 938 626 987 Nova
673 937 789 987 bibl.
830 952 945 987 mss,
987 937 1228 987 librorum
1269 953 1306 987 s,
1349 937 1629 1002 Specimine
1670 941 1820 1004 antiq.

125 1011 237 1062 lect.
270 1011 379 1062 Par.
416 1010 558 1062 1653
598 1027 646 1076 p.
677 1009 774 1077 49,
814 1011 1268 1076 Cantabrigiensem
1310 1018 1360 1061 et
1397 1013 1561 1076 ipsum
1600 1015 1652 1062 in
1684 1012 1823 1062 Italia

126 1087 368 1151 scriptum
416 1080 484 1154 (v.
525 1085 626 1135 Cat.
667 1086 723 1134 of
755 1085 839 1135 the
879 1101 995 1134 mss,
1036 1086 1091 1135 os
1133 1086 1216 1134 the
1257 1087 1389 1135 univ.
1430 1087 1486 1135 of
1528 1086 1821 1151 Cambridge

124 1159 190 1209 ΙΙΙ
221 1175 267 1225 p.
303 1154 423 1228 82),
465 1161 551 1225 qui
583 1159 699 1208 olim
732 1159 827 1208 fuit
855 1158 1060 1210 Joannis
1093 1159 1219 1209 Mori
1252 1161 1473 1224 episcopi
1504 1160 1822 1210 Norvicensis

125 1228 230 1301 (110.
262 1228 383 1302 53),
423 1233 623 1283 exhibet
663 1233 924 1297 Catalogus
962 1233 1204 1282 librorum
1243 1239 1488 1283 mstorum
1527 1234 1729 1298 Angliae
1769 1236 1822 1284 in

124 1323 281 1357 unum
327 1307 516 1357 collect.
557 1307 645 1356 Ox.
694 1305 832 1357 1697
875 1314 908 1357 t.
949 1306 992 1356 ΙΙ
1038 1323 1085 1371 p.
1125 1305 1233 1358 363
1288 1314 1408 1356 tunc
1453 1308 1821 1374 „pulcherrime

125 1379 464 1446 descriptum“
510 1397 644 1431 nunc
683 1381 884 1430 madore
934 1382 1037 1430 fere
1081 1381 1301 1430 deletum
1341 1388 1397 1430 ut
1436 1384 1517 1431 vix
1555 1382 1689 1447 legas
1729 1398 1822 1431 nec

125 1457 222 1504 nisi
267 1455 576 1521 reliquorum
623 1456 853 1504 codicum
899 1471 991 1520 ope
1047 1455 1238 1504 litteras
1295 1471 1440 1520 saepe
1497 1463 1821 1505 evanescente

125 1530 393 1579 discernas.
471 1536 741 1594 utrumque
789 1531 1132 1578 testimonium
1186 1531 1373 1578 notavit
1428 1528 1686 1579 Fabricius
1741 1524 1820 1597 (B.

126 1602 206 1652 Gr.
240 1602 320 1669 ΙΙΙ,
354 1597 503 1671 322),
544 1610 759 1652 attamen
791 1604 956 1668 ipsum
989 1610 1180 1652 textum
1209 1597 1409 1671 (utpote
1439 1598 1821 1672 „translatum“)

124 1692 270 1726 nemo
310 1679 549 1744 inspexit,
596 1684 850 1727 auctorem
890 1676 1107 1726 Felicem
1146 1678 1459 1726 confundunt
1497 1693 1611 1726 cum
1653 1677 1820 1726 Cassio

123 1751 474 1815 iatrosophista
522 1751 709 1800 Graeco
756 1750 1120 1815 problematum
1166 1752 1411 1814 scriptore
1462 1750 1605 1815 plane
1646 1751 1819 1800 alieno.

124 1826 321 1874 cautius
366 1824 734 1891 „Bibliothecae
781 1820 1036 1873 medicae“
1067 1824 1295 1873 conditor
1326 1826 1696 1874 vetustissimus
1734 1824 1821 1874 Pa·

128 1898 354 1947 schasius
394 1898 560 1947 Gallus
600 1892 734 1964 (Bas.
771 1895 914 1947 1590
953 1913 999 1962 p.
1033 1894 1127 1963 56,
1167 1898 1298 1947 unde
1341 1913 1429 1948 sua
1467 1898 1508 1947 J.
1542 1898 1595 1947 G.
1634 1898 1820 1948 Schen-

126 1971 268 2020 ckius
315 1987 343 2019 a
389 1970 727 2037 Gravenberg,
772 1971 930 2020 Biblia
976 1973 1149 2020 iatrica
1198 1987 1234 2020 s,
1282 1971 1405 2021 Bihl.
1455 1972 1584 2021 med.
1646 1979 1820 2022 macta.

125 2044 224 2093 Frf.
263 2042 402 2095 1609
445 2060 482 2093 s,
523 2039 591 2113 V.)
629 2045 860 2111 „Cassius
900 2044 1037 2093 Felix
1086 2045 1286 2110 quidam
1332 2046 1595 2111 aliquoties
1639 2047 1822 2095 citatur

124 2120 176 2167 in
208 2118 464 2183 pandectis
503 2119 711 2168 medicis
742 2119 950 2184 Matthei
983 2118 1230 2184 Sylvatici.
1288 2135 1437 2169 manu
1468 2120 1602 2170 illius
1636 2121 1822 2185 scripta

125 2191 284 2241 adhuc
325 2199 518 2241 exstare
558 2193 740 2243 alicubi
780 2187 1158 2261 coniicitur“.*)

273 2265 377 2330 Ego
418 2265 643 2316 Cassium
682 2267 829 2316 edere
870 2269 1107 2316 constitui
1150 2267 1266 2316 inde
1306 2267 1367 2316 ab
1407 2283 1448 2316 a.
1492 2265 1648 2318 1856.
1725 2267 1820 2316 1100

125 2340 257 2388 0111111
296 2355 423 2388 anno
470 2348 734 2405 postquam
779 2343 875 2390 iter
914 2341 1194 2390 Parisinum
1234 2341 1442 2390 moliens
1491 2356 1550 2390 ex
1590 2341 1819 2406 Catalogo

124 2414 367 2477 impresso
415 2408 558 2481 (bibl.
598 2430 698 2479 reg.
738 2414 846 2464 Par.
891 2412 1033 2464 1744
1079 2414 1167 2481 ΙΙΙ,
1211 2409 1345 2483 204)
1393 2417 1619 2464 notitiam
1668 2414 1821 2464 habui

241 2572 284 2627 ²¹²)
317 2585 402 2627 pro
454 2570 590 2615 Gallo
630 2571 752 2615 male
785 2570 980 2616 Gesneri
1010 2571 1356 2616 Bibliothecam
1396 2571 1562 2616 citavit
1592 2572 1656 2616 Le
1689 2571 1820 2616 CIerc

122 2629 233 2674 hist.
277 2629 334 2674 de
372 2629 422 2674 la.
461 2630 582 2675 med.
627 2635 740 2674 1729
779 2629 821 2685 I,
861 2635 1038 2674 4211-
1078 2629 1306 2675 Gesnerus
1343 2630 1464 2675 enim
1538 2631 1588 2674 ui
1617 2630 1667 2675 in
1698 2629 1818 2674 Bibl.

123 2687 246 2732 inter
271 2701 348 2733 eos
381 2702 437 2732 ex
462 2689 629 2744 quibus
653 2688 864 2733 hauserit
879 2690 1047 2734 Matth.
1068 2688 1332 2746 Sylvaticus
1351 2688 1497 2734 Cassii
1553 2688 1684 2734 elicis
1710 2690 1819 2733 sim·

123 2746 310 2803 pliciter
347 2761 516 2791 nomen
554 2747 736 2804 posuit,
777 2747 843 2791 sic
882 2747 1028 2793 habet·
1063 2748 1114 2792 in
1152 2747 1278 2792 notis
1316 2749 1376 2792 ad
1413 2747 1560 2792 Cassii
1590 2748 1818 2804 problem.

124 2805 227 2862 Tig.
257 2810 370 2850 1562
402 2821 447 2863 p.
476 2810 534 2850 55
567 2806 678 2862 „sed
711 2807 759 2851 et
791 2806 938 2851 Cassii
965 2807 1134 2852 Felicis
1165 2807 1337 2852 medici
1361 2807 1516 2851 Latini
1540 2821 1708 2852 nomen
1733 2806 1818 2850 ali-

124 2863 233 2908 cubi
263 2864 380 2921 legi,
413 2879 498 2909 nec
529 2865 765 2910 memini“.
