<?xml version="1.0" encoding="UTF-8"?>
<!DOCTYPE html PUBLIC "-//W3C//DTD XHTML 1.0 Transitional//EN"
    "http://www.w3.org/TR/xhtml1/DTD/xhtml1-transitional.dtd">
<html xmlns="http://www.w3.org/1999/xhtml" xml:lang="en" lang="en">
 <head>
  <title>
</title>
<meta http-equiv="Content-Type" content="text/html;charset=utf-8" />
  <meta name='ocr-system' content='tesseract 3.04.00' />
  <meta name='ocr-capabilities' content='ocr_page ocr_carea ocr_par ocr_line ocrx_word'/>
</head>
<body>
  <div class='ocr_page' id='page_1' title='image "./demedicinaexgrae00cassuoft_0252.png"; bbox 0 0 2004 3186; ppageno 0'>
   <div class='ocr_carea' id='block_1_1' title="bbox 861 119 1256 172">
    <p class='ocr_par' dir='ltr' id='par_1_1' title="bbox 861 119 1256 172">
     <span class='ocr_line' id='line_1_1' title="bbox 861 119 1256 172; baseline 0 0"><span class='ocrx_word' id='word_1_1' title='bbox 861 119 1256 172; x_wconf 76' lang='lat'>—238—</span> 
     </span>
    </p>
   </div>
   <div class='ocr_carea' id='block_1_2' title="bbox 237 234 1010 645">
    <p class='ocr_par' dir='ltr' id='par_1_2' title="bbox 237 234 1010 645">
     <span class='ocr_line' id='line_1_2' title="bbox 239 234 1008 293; baseline -0.004 -13"><span class='ocrx_word' id='word_1_2' title='bbox 239 249 294 292; x_wconf 82' lang='lat' dir='ltr'>ep</span> <span class='ocrx_word' id='word_1_3' title='bbox 326 240 383 280; x_wconf 84' lang='lat'>64</span> <span class='ocrx_word' id='word_1_4' title='bbox 428 237 523 292; x_wconf 81' lang='lat' dir='ltr'>(sed</span> <span class='ocrx_word' id='word_1_5' title='bbox 553 236 667 280; x_wconf 81' lang='lat' dir='ltr'>mali</span> <span class='ocrx_word' id='word_1_6' title='bbox 698 234 887 293; x_wconf 87' lang='lat' dir='ltr'>granati</span> <span class='ocrx_word' id='word_1_7' title='bbox 910 247 1008 278; x_wconf 88' lang='lat' dir='ltr'>eor·</span> 
     </span>
     <span class='ocr_line' id='line_1_3' title="bbox 237 294 1007 351; baseline -0.004 -12"><span class='ocrx_word' id='word_1_8' title='bbox 237 294 345 339; x_wconf 83' lang='lat' dir='ltr'>tieis</span> <span class='ocrx_word' id='word_1_9' title='bbox 377 307 430 351; x_wconf 78' lang='lat' dir='ltr'>ep</span> <span class='ocrx_word' id='word_1_10' title='bbox 456 296 544 351; x_wconf 89' lang='lat'>48).</span> <span class='ocrx_word' id='word_1_11' title='bbox 592 295 820 339; x_wconf 85' lang='lat' dir='ltr'>caducum</span> <span class='ocrx_word' id='word_1_12' title='bbox 842 306 1007 351; x_wconf 84' lang='lat' dir='ltr'>grana-</span> 
     </span>
     <span class='ocr_line' id='line_1_4' title="bbox 239 351 1008 410; baseline -0.005 -12"><span class='ocrx_word' id='word_1_13' title='bbox 239 356 318 398; x_wconf 92' lang='lat' dir='ltr'>tae</span> <span class='ocrx_word' id='word_1_14' title='bbox 343 367 397 410; x_wconf 85' lang='lat' dir='ltr'>ep</span> <span class='ocrx_word' id='word_1_15' title='bbox 428 358 485 398; x_wconf 99' lang='lat'>48</span> <span class='ocrx_word' id='word_1_16' title='bbox 508 357 551 398; x_wconf 81' lang='lat' dir='ltr'>et</span> <span class='ocrx_word' id='word_1_17' title='bbox 573 353 643 398; x_wconf 82' lang='lat' dir='ltr'>bis</span> <span class='ocrx_word' id='word_1_18' title='bbox 667 357 722 398; x_wconf 90' lang='lat'>82</span> <span class='ocrx_word' id='word_1_19' title='bbox 752 353 844 408; x_wconf 80' lang='lat' dir='ltr'>(sed</span> <span class='ocrx_word' id='word_1_20' title='bbox 868 351 1008 395; x_wconf 84' lang='lat' dir='ltr'>cadu-</span> 
     </span>
     <span class='ocr_line' id='line_1_5' title="bbox 241 411 1009 469; baseline -0.003 -13"><span class='ocrx_word' id='word_1_21' title='bbox 241 427 346 457; x_wconf 88' lang='lat' dir='ltr'>cum</span> <span class='ocrx_word' id='word_1_22' title='bbox 377 412 491 456; x_wconf 90' lang='lat' dir='ltr'>mali</span> <span class='ocrx_word' id='word_1_23' title='bbox 522 411 708 469; x_wconf 85' lang='lat' dir='ltr'>granati</span> <span class='ocrx_word' id='word_1_24' title='bbox 743 412 884 456; x_wconf 82' lang='lat' dir='ltr'>altero</span> <span class='ocrx_word' id='word_1_25' title='bbox 914 411 1009 454; x_wconf 85' lang='lat' dir='ltr'>loco</span> 
     </span>
     <span class='ocr_line' id='line_1_6' title="bbox 240 470 1010 527; baseline -0.003 -12"><span class='ocrx_word' id='word_1_26' title='bbox 240 484 264 515; x_wconf 87' lang='lat' dir='ltr'><strong><em>c</em></strong></span> <span class='ocrx_word' id='word_1_27' title='bbox 293 476 350 515; x_wconf 91' lang='lat'>48</span> <span class='ocrx_word' id='word_1_28' title='bbox 382 471 465 515; x_wconf 80' lang='lat' dir='ltr'>ubi</span> <span class='ocrx_word' id='word_1_29' title='bbox 494 471 608 514; x_wconf 85' lang='lat' dir='ltr'>mali</span> <span class='ocrx_word' id='word_1_30' title='bbox 638 483 784 527; x_wconf 88' lang='lat' dir='ltr'>grana</span> <span class='ocrx_word' id='word_1_31' title='bbox 806 483 864 526; x_wconf 92' lang='lat' dir='ltr'>p,</span> <span class='ocrx_word' id='word_1_32' title='bbox 904 470 1010 513; x_wconf 83' lang='lat' dir='ltr'>item</span> 
     </span>
     <span class='ocr_line' id='line_1_7' title="bbox 239 529 1008 586; baseline -0.003 -12"><span class='ocrx_word' id='word_1_33' title='bbox 239 530 406 575; x_wconf 81' lang='lat' dir='ltr'><strong><em>ibidem</em></strong></span> <span class='ocrx_word' id='word_1_34' title='bbox 442 530 574 574; x_wconf 81' lang='lat' dir='ltr'>tertio</span> <span class='ocrx_word' id='word_1_35' title='bbox 605 530 687 573; x_wconf 78' lang='lat' dir='ltr'>ubi</span> <span class='ocrx_word' id='word_1_36' title='bbox 720 529 915 586; x_wconf 85' lang='lat' dir='ltr'>grauate</span> <span class='ocrx_word' id='word_1_37' title='bbox 938 529 1008 584; x_wconf 91' lang='lat' dir='ltr'>p).</span> 
     </span>
     <span class='ocr_line' id='line_1_8' title="bbox 239 587 1009 645; baseline -0.003 -13"><span class='ocrx_word' id='word_1_38' title='bbox 239 590 458 645; x_wconf 87' lang='lat' dir='ltr'>granatas</span> <span class='ocrx_word' id='word_1_39' title='bbox 505 587 661 632; x_wconf 86' lang='lat' dir='ltr'>acidas</span> <span class='ocrx_word' id='word_1_40' title='bbox 709 601 763 644; x_wconf 85' lang='lat' dir='ltr'>ep</span> <span class='ocrx_word' id='word_1_41' title='bbox 811 592 866 632; x_wconf 92' lang='lat'>72</span> <span class='ocrx_word' id='word_1_42' title='bbox 915 587 1009 643; x_wconf 80' lang='lat' dir='ltr'>(sed</span> 
     </span>
    </p>
   </div>
   <div class='ocr_carea' id='block_1_3' title="bbox 238 646 1007 703">
    <p class='ocr_par' dir='ltr' id='par_1_3' title="bbox 238 646 1007 703">
     <span class='ocr_line' id='line_1_9' title="bbox 238 646 1007 703; baseline 0 -13"><span class='ocrx_word' id='word_1_43' title='bbox 238 648 364 691; x_wconf 89' lang='lat' dir='ltr'>mala</span> <span class='ocrx_word' id='word_1_44' title='bbox 423 646 622 703; x_wconf 83' lang='lat' dir='ltr'>cydonia</span> <span class='ocrx_word' id='word_1_45' title='bbox 678 648 877 703; x_wconf 86' lang='lat' dir='ltr'>granata</span> <span class='ocrx_word' id='word_1_46' title='bbox 929 649 1007 690; x_wconf 82' lang='lat' dir='ltr'>ete.</span> 
     </span>
    </p>
   </div>
   <div class='ocr_carea' id='block_1_4' title="bbox 238 704 1040 763">
    <p class='ocr_par' dir='ltr' id='par_1_4' title="bbox 238 704 1040 763">
     <span class='ocr_line' id='line_1_10' title="bbox 238 704 1040 763; baseline -0.002 -14"><span class='ocrx_word' id='word_1_47' title='bbox 238 709 329 761; x_wconf 80' lang='lat'>46).</span> <span class='ocrx_word' id='word_1_48' title='bbox 349 732 404 737; x_wconf 97' lang='lat'><strong>—</strong></span> <span class='ocrx_word' id='word_1_49' title='bbox 421 705 646 750; x_wconf 81' lang='lat' dir='ltr'>balaustii</span> <span class='ocrx_word' id='word_1_50' title='bbox 668 705 699 749; x_wconf 87' lang='lat' dir='ltr'>i.</span> <span class='ocrx_word' id='word_1_51' title='bbox 714 705 841 750; x_wconf 86' lang='lat' dir='ltr'>floris</span> <span class='ocrx_word' id='word_1_52' title='bbox 861 704 1010 763; x_wconf 84' lang='lat' dir='ltr'>&lt;mali</span> <span class='ocrx_word' id='word_1_53' title='bbox 1034 727 1040 747; x_wconf 68' lang='lat' dir='ltr'><em>a</em></span> 
     </span>
    </p>
   </div>
   <div class='ocr_carea' id='block_1_5' title="bbox 209 764 1012 2884">
    <p class='ocr_par' dir='ltr' id='par_1_5' title="bbox 239 764 1009 877">
     <span class='ocr_line' id='line_1_11' title="bbox 239 764 1009 822; baseline 0.001 -14"><span class='ocrx_word' id='word_1_54' title='bbox 239 764 457 822; x_wconf 78' lang='lat' dir='ltr'>granati&gt;</span> <span class='ocrx_word' id='word_1_55' title='bbox 498 769 569 809; x_wconf 92' lang='lat'>48.</span> <span class='ocrx_word' id='word_1_56' title='bbox 605 791 659 796; x_wconf 96' lang='lat'>—</span> <span class='ocrx_word' id='word_1_57' title='bbox 691 765 748 819; x_wconf 80' lang='lat' dir='ltr'>cf.</span> <span class='ocrx_word' id='word_1_58' title='bbox 783 765 901 808; x_wconf 83' lang='lat' dir='ltr'>Isid.</span> <span class='ocrx_word' id='word_1_59' title='bbox 934 767 1009 820; x_wconf 84' lang='lat'>17,</span> 
     </span>
     <span class='ocr_line' id='line_1_12' title="bbox 239 823 889 877; baseline -0.002 -10"><span class='ocrx_word' id='word_1_60' title='bbox 239 827 285 877; x_wconf 86' lang='lat'>¹7,</span> <span class='ocrx_word' id='word_1_61' title='bbox 317 828 360 868; x_wconf 89' lang='lat'>6.</span> <span class='ocrx_word' id='word_1_62' title='bbox 407 824 524 867; x_wconf 75' lang='lat' dir='ltr'>Diez</span> <span class='ocrx_word' id='word_1_63' title='bbox 554 823 675 868; x_wconf 67' lang='lat' dir='ltr'>Albr.</span> <span class='ocrx_word' id='word_1_64' title='bbox 709 823 782 868; x_wconf 70' lang='grc' dir='ltr'><em>ΘΖ.</em></span> <span class='ocrx_word' id='word_1_65' title='bbox 816 827 889 867; x_wconf 88' lang='grc'>56.</span> 
     </span>
    </p>

    <p class='ocr_par' dir='ltr' id='par_1_6' title="bbox 212 882 1009 938">
     <span class='ocr_line' id='line_1_13' title="bbox 212 882 1009 938; baseline -0.001 -12"><span class='ocrx_word' id='word_1_66' title='bbox 212 882 548 936; x_wconf 79' lang='lat' dir='ltr'>granaticium</span> <span class='ocrx_word' id='word_1_67' title='bbox 587 882 781 938; x_wconf 87' lang='lat' dir='ltr'>(vinum)</span> <span class='ocrx_word' id='word_1_68' title='bbox 826 887 896 925; x_wconf 88' lang='lat'>47</span> <span class='ocrx_word' id='word_1_69' title='bbox 939 885 1009 926; x_wconf 82' lang='lat'>64.</span> 
     </span>
    </p>

    <p class='ocr_par' dir='ltr' id='par_1_7' title="bbox 211 940 1007 1057">
     <span class='ocr_line' id='line_1_14' title="bbox 211 940 1007 997; baseline 0 -13"><span class='ocrx_word' id='word_1_70' title='bbox 211 940 497 994; x_wconf 80' lang='lat' dir='ltr'>gravabiles</span> <span class='ocrx_word' id='word_1_71' title='bbox 537 941 703 997; x_wconf 85' lang='lat' dir='ltr'>eapitis</span> <span class='ocrx_word' id='word_1_72' title='bbox 743 940 910 997; x_wconf 89' lang='lat' dir='ltr'>&lt;austri</span> <span class='ocrx_word' id='word_1_73' title='bbox 951 961 1007 978; x_wconf 90' lang='lat'><em>=</em></span> 
     </span>
     <span class='ocr_line' id='line_1_15' title="bbox 239 998 817 1069; baseline 0.002 -27"><span class='ocrx_word' id='word_1_74' title='bbox 239 998 546 1069; x_wconf 80' lang='grc' dir='ltr'><strong><em>καρηβαρικοὶ</em></strong></span> <span class='ocrx_word' id='word_1_75' title='bbox 577 1000 744 1057; x_wconf 89' lang='lat' dir='ltr'>Hipp.)</span> <span class='ocrx_word' id='word_1_76' title='bbox 779 1005 817 1044; x_wconf 92' lang='lat'>1.</span> 
     </span>
    </p>

    <p class='ocr_par' dir='ltr' id='par_1_8' title="bbox 210 1054 1012 1457">
     <span class='ocr_line' id='line_1_16' title="bbox 210 1054 1010 1115; baseline 0 -14"><span class='ocrx_word' id='word_1_77' title='bbox 210 1058 347 1112; x_wconf 80' lang='lat' dir='ltr'>guflo</span> <span class='ocrx_word' id='word_1_78' title='bbox 357 1054 620 1115; x_wconf 68' lang='grc' dir='ltr'><em>(γόμφοςῖ).</em></span> <span class='ocrx_word' id='word_1_79' title='bbox 635 1059 856 1103; x_wconf 86' lang='lat' dir='ltr'>carbones</span> <span class='ocrx_word' id='word_1_80' title='bbox 866 1059 1010 1103; x_wconf 90' lang='lat' dir='ltr'>etiam</span> 
     </span>
     <span class='ocr_line' id='line_1_17' title="bbox 239 1117 1010 1175; baseline 0.001 -15"><span class='ocrx_word' id='word_1_81' title='bbox 239 1117 296 1161; x_wconf 90' lang='lat' dir='ltr'>de</span> <span class='ocrx_word' id='word_1_82' title='bbox 335 1117 521 1174; x_wconf 86' lang='lat' dir='ltr'>gufione</span> <span class='ocrx_word' id='word_1_83' title='bbox 552 1117 763 1175; x_wconf 87' lang='lat' dir='ltr'>(gusione</span> <span class='ocrx_word' id='word_1_84' title='bbox 795 1120 867 1174; x_wconf 84' lang='lat' dir='ltr'>cp)</span> <span class='ocrx_word' id='word_1_85' title='bbox 897 1117 1010 1162; x_wconf 88' lang='lat' dir='ltr'>vitis</span> 
     </span>
     <span class='ocr_line' id='line_1_18' title="bbox 237 1175 1012 1233; baseline 0.003 -15"><span class='ocrx_word' id='word_1_86' title='bbox 237 1175 381 1221; x_wconf 85' lang='lat' dir='ltr'>facies</span> <span class='ocrx_word' id='word_1_87' title='bbox 413 1181 483 1222; x_wconf 89' lang='lat'>33.</span> <span class='ocrx_word' id='word_1_88' title='bbox 541 1178 661 1233; x_wconf 76' lang='lat' dir='ltr'>quod</span> <span class='ocrx_word' id='word_1_89' title='bbox 695 1178 765 1221; x_wconf 80' lang='lat' dir='ltr'>ita</span> <span class='ocrx_word' id='word_1_90' title='bbox 795 1177 1012 1232; x_wconf 77' lang='lat' dir='ltr'><strong><em>exprimit</em></strong></span> 
     </span>
     <span class='ocr_line' id='line_1_19' title="bbox 237 1235 1010 1281; baseline 0.001 -3"><span class='ocrx_word' id='word_1_91' title='bbox 237 1235 292 1278; x_wconf 78' lang='lat' dir='ltr'>in</span> <span class='ocrx_word' id='word_1_92' title='bbox 314 1236 553 1280; x_wconf 77' lang='lat' dir='ltr'>eorwndem</span> <span class='ocrx_word' id='word_1_93' title='bbox 583 1237 878 1281; x_wconf 62' lang='lat' dir='ltr'>broeiscorum</span> <span class='ocrx_word' id='word_1_94' title='bbox 899 1249 1010 1280; x_wconf 79' lang='lat' dir='ltr'>usus</span> 
     </span>
     <span class='ocr_line' id='line_1_20' title="bbox 239 1294 1006 1350; baseline 0.003 -13"><span class='ocrx_word' id='word_1_95' title='bbox 239 1294 540 1350; x_wconf 73' lang='lat' dir='ltr'><strong><em>descriptione</em></strong></span> <span class='ocrx_word' id='word_1_96' title='bbox 555 1294 685 1339; x_wconf 77' lang='lat' dir='ltr'>Plin.</span> <span class='ocrx_word' id='word_1_97' title='bbox 703 1295 874 1350; x_wconf 85' lang='lat' dir='ltr'>(Rom.)</span> <span class='ocrx_word' id='word_1_98' title='bbox 895 1295 1006 1339; x_wconf 83' lang='lat' dir='ltr'>med.</span> 
     </span>
     <span class='ocr_line' id='line_1_21' title="bbox 237 1352 1008 1408; baseline 0.001 -12"><span class='ocrx_word' id='word_1_99' title='bbox 237 1356 289 1408; x_wconf 89' lang='lat'>1,</span> <span class='ocrx_word' id='word_1_100' title='bbox 321 1357 378 1396; x_wconf 88' lang='grc'>61</span> <span class='ocrx_word' id='word_1_101' title='bbox 403 1354 437 1408; x_wconf 84' lang='lat' dir='ltr'>f.</span> <span class='ocrx_word' id='word_1_102' title='bbox 469 1352 560 1399; x_wconf 73' lang='lat'>32¹³</span> <span class='ocrx_word' id='word_1_103' title='bbox 589 1354 701 1398; x_wconf 84' lang='lat' dir='ltr'>Bas.</span> <span class='ocrx_word' id='word_1_104' title='bbox 734 1353 876 1398; x_wconf 89' lang='lat' dir='ltr'>facies</span> <span class='ocrx_word' id='word_1_105' title='bbox 910 1367 1008 1397; x_wconf 88' lang='lat' dir='ltr'>ear-</span> 
     </span>
     <span class='ocr_line' id='line_1_22' title="bbox 240 1411 802 1457; baseline 0.004 -3"><span class='ocrx_word' id='word_1_106' title='bbox 240 1411 384 1455; x_wconf 90' lang='lat' dir='ltr'>bones</span> <span class='ocrx_word' id='word_1_107' title='bbox 417 1412 474 1456; x_wconf 91' lang='lat' dir='ltr'>de</span> <span class='ocrx_word' id='word_1_108' title='bbox 504 1412 602 1457; x_wconf 84' lang='lat' dir='ltr'>vite</span> <span class='ocrx_word' id='word_1_109' title='bbox 631 1412 802 1456; x_wconf 83' lang='lat' dir='ltr'>valida.</span> 
     </span>
    </p>

    <p class='ocr_par' dir='ltr' id='par_1_9' title="bbox 209 1469 1011 2884">
     <span class='ocr_line' id='line_1_23' title="bbox 209 1469 1008 1539; baseline 0.001 -26"><span class='ocrx_word' id='word_1_110' title='bbox 209 1469 245 1513; x_wconf 89' lang='lat' dir='ltr'>h</span> <span class='ocrx_word' id='word_1_111' title='bbox 275 1472 374 1525; x_wconf 81' lang='lat' dir='ltr'>(see.</span> <span class='ocrx_word' id='word_1_112' title='bbox 398 1472 465 1539; x_wconf 88' lang='lat'>9).</span> <span class='ocrx_word' id='word_1_113' title='bbox 497 1471 692 1528; x_wconf 78' lang='lat' dir='ltr'>spiritus</span> <span class='ocrx_word' id='word_1_114' title='bbox 719 1484 851 1527; x_wconf 81' lang='lat' dir='ltr'>asper</span> <span class='ocrx_word' id='word_1_115' title='bbox 881 1471 1008 1516; x_wconf 82' lang='lat' dir='ltr'>omit-</span> 
     </span>
     <span class='ocr_line' id='line_1_24' title="bbox 238 1530 1007 1598; baseline 0.001 -25"><span class='ocrx_word' id='word_1_116' title='bbox 238 1530 355 1573; x_wconf 81' lang='lat' dir='ltr'>titur</span> <span class='ocrx_word' id='word_1_117' title='bbox 399 1530 453 1574; x_wconf 77' lang='lat' dir='ltr'>in</span> <span class='ocrx_word' id='word_1_118' title='bbox 497 1531 673 1598; x_wconf 71' lang='lat' dir='ltr'>qraecis</span> <span class='ocrx_word' id='word_1_119' title='bbox 717 1543 811 1574; x_wconf 66' lang='lat' dir='ltr'>‘non</span> <span class='ocrx_word' id='word_1_120' title='bbox 851 1543 1007 1586; x_wconf 81' lang='lat' dir='ltr'>9raeee</span> 
     </span>
     <span class='ocr_line' id='line_1_25' title="bbox 237 1588 1009 1659; baseline 0 -27"><span class='ocrx_word' id='word_1_121' title='bbox 237 1588 436 1645; x_wconf 81' lang='lat' dir='ltr'>seriptis,</span> <span class='ocrx_word' id='word_1_122' title='bbox 463 1589 559 1632; x_wconf 78' lang='lat' dir='ltr'>nisi</span> <span class='ocrx_word' id='word_1_123' title='bbox 580 1589 701 1645; x_wconf 75' lang='lat' dir='ltr'>quod</span> <span class='ocrx_word' id='word_1_124' title='bbox 718 1589 915 1659; x_wconf 77' lang='lat' dir='ltr'>ponitur</span> <span class='ocrx_word' id='word_1_125' title='bbox 937 1589 1009 1633; x_wconf 81' lang='lat' dir='ltr'>hic</span> 
     </span>
     <span class='ocr_line' id='line_1_26' title="bbox 240 1643 1008 1703; baseline -0.001 -12"><span class='ocrx_word' id='word_1_126' title='bbox 240 1647 337 1691; x_wconf 84' lang='lat' dir='ltr'>illie</span> <span class='ocrx_word' id='word_1_127' title='bbox 366 1647 420 1691; x_wconf 79' lang='lat' dir='ltr'>in</span> <span class='ocrx_word' id='word_1_128' title='bbox 447 1660 490 1691; x_wconf 81' lang='lat' dir='ltr'>v.</span> <span class='ocrx_word' id='word_1_129' title='bbox 515 1662 546 1691; x_wconf 87' lang='grc' dir='ltr'><strong><em>α</em></strong></span> <span class='ocrx_word' id='word_1_130' title='bbox 574 1660 732 1703; x_wconf 84' lang='lat' dir='ltr'>praep.</span> <span class='ocrx_word' id='word_1_131' title='bbox 764 1643 858 1691; x_wconf 78' lang='grc' dir='ltr'>ὑπὸ</span> <span class='ocrx_word' id='word_1_132' title='bbox 892 1660 1008 1692; x_wconf 86' lang='lat' dir='ltr'>com-</span> 
     </span>
     <span class='ocr_line' id='line_1_27' title="bbox 230 1706 1010 1763; baseline -0.001 -12"><span class='ocrx_word' id='word_1_133' title='bbox 230 1707 419 1763; x_wconf 85' lang='lat' dir='ltr'>positis·</span> <span class='ocrx_word' id='word_1_134' title='bbox 443 1706 507 1763; x_wconf 67' lang='lat' dir='ltr'>h)</span> <span class='ocrx_word' id='word_1_135' title='bbox 510 1706 816 1763; x_wconf 84' lang='lat' dir='ltr'>poeapniston</span> <span class='ocrx_word' id='word_1_136' title='bbox 832 1711 887 1750; x_wconf 89' lang='lat'>41</span> <span class='ocrx_word' id='word_1_137' title='bbox 915 1707 1010 1762; x_wconf 79' lang='lat' dir='ltr'>(sed</span> 
     </span>
     <span class='ocr_line' id='line_1_28' title="bbox 238 1765 1008 1822; baseline 0.001 -13"><span class='ocrx_word' id='word_1_138' title='bbox 238 1765 580 1822; x_wconf 77' lang='lat' dir='ltr'>ypoeapniston</span> <span class='ocrx_word' id='word_1_139' title='bbox 608 1769 679 1809; x_wconf 91' lang='lat'>21.</span> <span class='ocrx_word' id='word_1_140' title='bbox 703 1770 775 1820; x_wconf 89' lang='grc'>33,</span> <span class='ocrx_word' id='word_1_141' title='bbox 807 1769 860 1809; x_wconf 79' lang='lat' dir='ltr'>ut</span> <span class='ocrx_word' id='word_1_142' title='bbox 884 1766 1008 1810; x_wconf 85' lang='lat' dir='ltr'>cata-</span> 
     </span>
     <span class='ocr_line' id='line_1_29' title="bbox 237 1823 1007 1881; baseline 0.003 -14"><span class='ocrx_word' id='word_1_143' title='bbox 237 1824 485 1880; x_wconf 83' lang='lat' dir='ltr'>yporrusin</span> <span class='ocrx_word' id='word_1_144' title='bbox 511 1829 580 1879; x_wconf 88' lang='grc'><em>19,</em></span> <span class='ocrx_word' id='word_1_145' title='bbox 607 1823 768 1881; x_wconf 87' lang='lat' dir='ltr'>ipopia</span> <span class='ocrx_word' id='word_1_146' title='bbox 792 1829 863 1880; x_wconf 86' lang='lat'>20,</span> <span class='ocrx_word' id='word_1_147' title='bbox 894 1838 1007 1881; x_wconf 83' lang='lat' dir='ltr'>ypo-</span> 
     </span>
     <span class='ocr_line' id='line_1_30' title="bbox 239 1882 1007 1940; baseline 0 -14"><span class='ocrx_word' id='word_1_148' title='bbox 239 1882 565 1938; x_wconf 54' lang='lat' dir='ltr'>quistidae‘31.</span> <span class='ocrx_word' id='word_1_149' title='bbox 591 1887 647 1927; x_wconf 89' lang='lat'>35</span> <span class='ocrx_word' id='word_1_150' title='bbox 672 1887 750 1928; x_wconf 83' lang='lat' dir='ltr'>ete.</span> <span class='ocrx_word' id='word_1_151' title='bbox 797 1884 855 1938; x_wconf 77' lang='lat' dir='ltr'>cf.</span> <span class='ocrx_word' id='word_1_152' title='bbox 873 1897 1007 1940; x_wconf 84' lang='lat' dir='ltr'>yper-</span> 
     </span>
     <span class='ocr_line' id='line_1_31' title="bbox 238 1942 1009 1999; baseline 0.001 -14"><span class='ocrx_word' id='word_1_153' title='bbox 238 1942 472 1986; x_wconf 86' lang='lat' dir='ltr'>eehriston</span> <span class='ocrx_word' id='word_1_154' title='bbox 497 1947 567 1996; x_wconf 93' lang='lat'>29,</span> <span class='ocrx_word' id='word_1_155' title='bbox 601 1942 785 1986; x_wconf 88' lang='lat' dir='ltr'>diathes</span> <span class='ocrx_word' id='word_1_156' title='bbox 810 1956 1009 1999; x_wconf 80' lang='lat' dir='ltr'>yperoas</span> 
     </span>
     <span class='ocr_line' id='line_1_32' title="bbox 242 2000 1011 2057; baseline 0.003 -14"><span class='ocrx_word' id='word_1_157' title='bbox 242 2002 307 2054; x_wconf 90' lang='lat'>1),</span> <span class='ocrx_word' id='word_1_158' title='bbox 363 2000 580 2057; x_wconf 90' lang='lat' dir='ltr'>hipopios</span> <span class='ocrx_word' id='word_1_159' title='bbox 630 2001 767 2057; x_wconf 87' lang='lat' dir='ltr'>—pia</span> <span class='ocrx_word' id='word_1_160' title='bbox 821 2006 898 2057; x_wconf 87' lang='grc'>29,</span> <span class='ocrx_word' id='word_1_161' title='bbox 953 2015 1011 2045; x_wconf 87' lang='lat' dir='ltr'>ex</span> 
     </span>
     <span class='ocr_line' id='line_1_33' title="bbox 237 2059 1009 2116; baseline 0.003 -14"><span class='ocrx_word' id='word_1_162' title='bbox 237 2059 483 2116; x_wconf 83' lang='lat' dir='ltr'>hipoboJes</span> <span class='ocrx_word' id='word_1_163' title='bbox 497 2065 566 2115; x_wconf 90' lang='lat'>29,</span> <span class='ocrx_word' id='word_1_164' title='bbox 580 2060 925 2116; x_wconf 85' lang='lat' dir='ltr'>hiposfaumata</span> <span class='ocrx_word' id='word_1_165' title='bbox 937 2065 1009 2116; x_wconf 84' lang='lat'>29,</span> 
     </span>
     <span class='ocr_line' id='line_1_34' title="bbox 238 2118 1009 2175; baseline 0.003 -14"><span class='ocrx_word' id='word_1_166' title='bbox 238 2118 600 2175; x_wconf 80' lang='lat' dir='ltr'>hypoquistidae</span> <span class='ocrx_word' id='word_1_167' title='bbox 624 2124 680 2163; x_wconf 88' lang='lat'>39</span> <span class='ocrx_word' id='word_1_168' title='bbox 706 2120 763 2174; x_wconf 82' lang='lat' dir='ltr'>cf.</span> <span class='ocrx_word' id='word_1_169' title='bbox 797 2119 1009 2175; x_wconf 90' lang='lat' dir='ltr'>hipedio-</span> 
     </span>
     <span class='ocr_line' id='line_1_35' title="bbox 239 2178 1007 2234; baseline 0.001 -13"><span class='ocrx_word' id='word_1_170' title='bbox 239 2178 346 2221; x_wconf 90' lang='lat' dir='ltr'>cota</span> <span class='ocrx_word' id='word_1_171' title='bbox 370 2182 440 2232; x_wconf 90' lang='grc'>66,</span> <span class='ocrx_word' id='word_1_172' title='bbox 459 2181 700 2233; x_wconf 82' lang='lat' dir='ltr'>praeterea</span> <span class='ocrx_word' id='word_1_173' title='bbox 729 2179 905 2234; x_wconf 90' lang='lat' dir='ltr'>herpen</span> <span class='ocrx_word' id='word_1_174' title='bbox 937 2182 1007 2233; x_wconf 93' lang='lat'>25,</span> 
     </span>
     <span class='ocr_line' id='line_1_36' title="bbox 238 2235 1009 2292; baseline 0.001 -13"><span class='ocrx_word' id='word_1_175' title='bbox 238 2235 456 2292; x_wconf 86' lang='lat' dir='ltr'>herpetas</span> <span class='ocrx_word' id='word_1_176' title='bbox 497 2241 566 2279; x_wconf 89' lang='lat'>24.</span> <span class='ocrx_word' id='word_1_177' title='bbox 607 2241 678 2281; x_wconf 88' lang='lat'>25.</span> <span class='ocrx_word' id='word_1_178' title='bbox 734 2237 930 2292; x_wconf 78' lang='lat' dir='ltr'>ponitur</span> <span class='ocrx_word' id='word_1_179' title='bbox 967 2240 1009 2280; x_wconf 79' lang='lat' dir='ltr'>et</span> 
     </span>
     <span class='ocr_line' id='line_1_37' title="bbox 237 2294 1006 2351; baseline -0.001 -12"><span class='ocrx_word' id='word_1_180' title='bbox 237 2294 358 2348; x_wconf 78' lang='lat' dir='ltr'>falso</span> <span class='ocrx_word' id='word_1_181' title='bbox 399 2299 452 2339; x_wconf 83' lang='lat' dir='ltr'>ut</span> <span class='ocrx_word' id='word_1_182' title='bbox 496 2294 669 2339; x_wconf 88' lang='lat' dir='ltr'>helafiu</span> <span class='ocrx_word' id='word_1_183' title='bbox 716 2300 798 2351; x_wconf 86' lang='lat'>29,</span> <span class='ocrx_word' id='word_1_184' title='bbox 844 2294 1006 2339; x_wconf 85' lang='lat' dir='ltr'>herisi-</span> 
     </span>
     <span class='ocr_line' id='line_1_38' title="bbox 237 2353 1008 2410; baseline 0 -13"><span class='ocrx_word' id='word_1_185' title='bbox 237 2353 479 2409; x_wconf 81' lang='lat' dir='ltr'>pelatodes</span> <span class='ocrx_word' id='word_1_186' title='bbox 515 2358 586 2397; x_wconf 87' lang='lat'>22.</span> <span class='ocrx_word' id='word_1_187' title='bbox 619 2359 698 2410; x_wconf 88' lang='lat'>36,</span> <span class='ocrx_word' id='word_1_188' title='bbox 736 2353 1008 2398; x_wconf 82' lang='lat' dir='ltr'>hicteroden</span> 
     </span>
     <span class='ocr_line' id='line_1_39' title="bbox 238 2411 1007 2469; baseline 0 -14"><span class='ocrx_word' id='word_1_189' title='bbox 238 2417 294 2455; x_wconf 91' lang='lat'>32</span> <span class='ocrx_word' id='word_1_190' title='bbox 327 2416 461 2469; x_wconf 75' lang='lat' dir='ltr'>atque</span> <span class='ocrx_word' id='word_1_191' title='bbox 490 2413 544 2457; x_wconf 81' lang='lat' dir='ltr'>in</span> <span class='ocrx_word' id='word_1_192' title='bbox 573 2414 685 2458; x_wconf 83' lang='lat' dir='ltr'>med.</span> <span class='ocrx_word' id='word_1_193' title='bbox 716 2426 757 2457; x_wconf 85' lang='lat' dir='ltr'>v.</span> <span class='ocrx_word' id='word_1_194' title='bbox 789 2411 1007 2457; x_wconf 88' lang='lat' dir='ltr'>leucohiu</span> 
     </span>
     <span class='ocr_line' id='line_1_40' title="bbox 239 2472 1006 2527; baseline 0.003 -13"><span class='ocrx_word' id='word_1_195' title='bbox 239 2475 295 2515; x_wconf 90' lang='lat'>29</span> <span class='ocrx_word' id='word_1_196' title='bbox 327 2476 381 2516; x_wconf 79' lang='lat' dir='ltr'>ut</span> <span class='ocrx_word' id='word_1_197' title='bbox 402 2473 481 2517; x_wconf 83' lang='lat' dir='ltr'>lat.</span> <span class='ocrx_word' id='word_1_198' title='bbox 506 2472 796 2517; x_wconf 85' lang='lat' dir='ltr'>oohunentur</span> <span class='ocrx_word' id='word_1_199' title='bbox 819 2476 889 2527; x_wconf 89' lang='lat'>29,</span> <span class='ocrx_word' id='word_1_200' title='bbox 913 2473 1006 2516; x_wconf 87' lang='lat' dir='ltr'>tra-</span> 
     </span>
     <span class='ocr_line' id='line_1_41' title="bbox 236 2529 1008 2577; baseline 0 -3"><span class='ocrx_word' id='word_1_201' title='bbox 236 2529 354 2574; x_wconf 83' lang='lat' dir='ltr'>hiois</span> <span class='ocrx_word' id='word_1_202' title='bbox 378 2535 450 2577; x_wconf 88' lang='grc'><em>40.</em></span> <span class='ocrx_word' id='word_1_203' title='bbox 474 2553 533 2563; x_wconf 88' lang='lat'>——</span> <span class='ocrx_word' id='word_1_204' title='bbox 556 2532 614 2575; x_wconf 89' lang='lat' dir='ltr'>ab</span> <span class='ocrx_word' id='word_1_205' title='bbox 637 2532 703 2575; x_wconf 76' lang='lat' dir='ltr'>in.</span> <span class='ocrx_word' id='word_1_206' title='bbox 724 2531 1008 2575; x_wconf 84' lang='lat' dir='ltr'>emioranion</span> 
     </span>
     <span class='ocr_line' id='line_1_42' title="bbox 241 2589 1005 2655; baseline 0 -21"><span class='ocrx_word' id='word_1_207' title='bbox 241 2593 280 2655; x_wconf 73' lang='lat'>1.</span> <span class='ocrx_word' id='word_1_208' title='bbox 335 2589 624 2635; x_wconf 87' lang='lat' dir='ltr'>eteroerania</span> <span class='ocrx_word' id='word_1_209' title='bbox 664 2596 703 2634; x_wconf 93' lang='lat'>1.</span> <span class='ocrx_word' id='word_1_210' title='bbox 758 2590 896 2646; x_wconf 90' lang='lat' dir='ltr'>aplen</span> <span class='ocrx_word' id='word_1_211' title='bbox 937 2595 1005 2634; x_wconf 90' lang='lat'>18.</span> 
     </span>
     <span class='ocr_line' id='line_1_43' title="bbox 237 2648 1009 2753; baseline 0.001 -3"><span class='ocrx_word' id='word_1_212' title='bbox 237 2648 488 2752; x_wconf 50' lang='lat'>25533034.</span> <span class='ocrx_word' id='word_1_213' title='bbox 524 2650 1009 2753; x_wconf 54' lang='lat' dir='ltr'>{ianssffssif&#39;sesiffi</span> 
     </span>
     <span class='ocr_line' id='line_1_44' title="bbox 239 2763 1006 2824; baseline 0.003 -15"><span class='ocrx_word' id='word_1_214' title='bbox 239 2769 308 2810; x_wconf 90' lang='lat'>74.</span> <span class='ocrx_word' id='word_1_215' title='bbox 358 2781 383 2810; x_wconf 92' lang='lat' dir='ltr'>e</span> <span class='ocrx_word' id='word_1_216' title='bbox 414 2768 562 2822; x_wconf 82' lang='lat' dir='ltr'>(artie.</span> <span class='ocrx_word' id='word_1_217' title='bbox 590 2788 646 2804; x_wconf 92' lang='lat'>=</span> <span class='ocrx_word' id='word_1_218' title='bbox 670 2763 717 2824; x_wconf 82' lang='grc' dir='ltr'>ἡ)</span> <span class='ocrx_word' id='word_1_219' title='bbox 751 2771 820 2812; x_wconf 88' lang='lat'>35.</span> <span class='ocrx_word' id='word_1_220' title='bbox 854 2772 924 2811; x_wconf 89' lang='lat'>39.</span> <span class='ocrx_word' id='word_1_221' title='bbox 950 2772 1006 2811; x_wconf 87' lang='lat'>46</span> 
     </span>
     <span class='ocr_line' id='line_1_45' title="bbox 238 2826 1008 2884; baseline 0.003 -16"><span class='ocrx_word' id='word_1_222' title='bbox 238 2827 316 2869; x_wconf 86' lang='lat' dir='ltr'>ete.</span> <span class='ocrx_word' id='word_1_223' title='bbox 365 2826 459 2880; x_wconf 82' lang='lat' dir='ltr'>(sed</span> <span class='ocrx_word' id='word_1_224' title='bbox 498 2826 674 2884; x_wconf 86' lang='lat' dir='ltr'>herpen</span> <span class='ocrx_word' id='word_1_225' title='bbox 720 2831 776 2871; x_wconf 89' lang='lat'>25</span> <span class='ocrx_word' id='word_1_226' title='bbox 820 2829 1008 2882; x_wconf 81' lang='lat' dir='ltr'>propter</span> 
     </span>
    </p>
   </div>
   <div class='ocr_carea' id='block_1_6' title="bbox 1098 234 1901 2882">
    <p class='ocr_par' dir='ltr' id='par_1_10' title="bbox 1098 234 1898 809">
     <span class='ocr_line' id='line_1_46' title="bbox 1127 234 1896 291; baseline 0.001 -14"><span class='ocrx_word' id='word_1_227' title='bbox 1127 234 1376 291; x_wconf 72' lang='lat' dir='ltr'>herpetas).</span> <span class='ocrx_word' id='word_1_228' title='bbox 1404 258 1459 265; x_wconf 87' lang='lat'>—</span> <span class='ocrx_word' id='word_1_229' title='bbox 1484 235 1595 278; x_wconf 85' lang='lat' dir='ltr'>med.</span> <span class='ocrx_word' id='word_1_230' title='bbox 1619 246 1710 278; x_wconf 82' lang='lat' dir='ltr'>voc.</span> <span class='ocrx_word' id='word_1_231' title='bbox 1736 235 1896 279; x_wconf 88' lang='lat' dir='ltr'>dialon</span> 
     </span>
     <span class='ocr_line' id='line_1_47' title="bbox 1128 292 1891 338; baseline 0.001 -2"><span class='ocrx_word' id='word_1_232' title='bbox 1128 298 1199 336; x_wconf 89' lang='lat'>21.</span> <span class='ocrx_word' id='word_1_233' title='bbox 1254 292 1642 337; x_wconf 84' lang='lat' dir='ltr'>diebdomeconta</span> <span class='ocrx_word' id='word_1_234' title='bbox 1672 297 1743 338; x_wconf 88' lang='grc'>29.</span> <span class='ocrx_word' id='word_1_235' title='bbox 1797 293 1891 337; x_wconf 86' lang='lat' dir='ltr'>die-</span> 
     </span>
     <span class='ocr_line' id='line_1_48' title="bbox 1125 351 1893 407; baseline 0 -11"><span class='ocrx_word' id='word_1_236' title='bbox 1125 351 1252 396; x_wconf 86' lang='lat' dir='ltr'>resin</span> <span class='ocrx_word' id='word_1_237' title='bbox 1284 357 1352 396; x_wconf 89' lang='lat'>18.</span> <span class='ocrx_word' id='word_1_238' title='bbox 1401 351 1628 407; x_wconf 89' lang='lat' dir='ltr'>poliemos</span> <span class='ocrx_word' id='word_1_239' title='bbox 1651 356 1723 396; x_wconf 85' lang='lat'>30.</span> <span class='ocrx_word' id='word_1_240' title='bbox 1771 354 1893 397; x_wconf 86' lang='lat' dir='ltr'>eata-</span> 
     </span>
     <span class='ocr_line' id='line_1_49' title="bbox 1125 410 1470 467; baseline -0.003 -12"><span class='ocrx_word' id='word_1_241' title='bbox 1125 410 1368 467; x_wconf 80' lang='lat' dir='ltr'>yporrusin</span> <span class='ocrx_word' id='word_1_242' title='bbox 1402 415 1470 455; x_wconf 88' lang='lat'>19.</span> 
     </span>
     <span class='ocr_line' id='line_1_50' title="bbox 1098 468 1896 526; baseline 0 -14"><span class='ocrx_word' id='word_1_243' title='bbox 1098 468 1301 514; x_wconf 77' lang='lat' dir='ltr'>haberi:</span> <span class='ocrx_word' id='word_1_244' title='bbox 1335 469 1375 513; x_wconf 90' lang='lat' dir='ltr'>si</span> <span class='ocrx_word' id='word_1_245' title='bbox 1401 469 1698 526; x_wconf 69' lang='lat' dir='ltr'>aegrotantes</span> <span class='ocrx_word' id='word_1_246' title='bbox 1724 504 1734 513; x_wconf 89' lang='lat'>.</span> <span class='ocrx_word' id='word_1_247' title='bbox 1760 504 1771 515; x_wconf 93' lang='lat'>.</span> <span class='ocrx_word' id='word_1_248' title='bbox 1798 506 1806 515; x_wconf 95' lang='lat'>.</span> <span class='ocrx_word' id='word_1_249' title='bbox 1832 469 1896 513; x_wconf 88' lang='lat' dir='ltr'>le-</span> 
     </span>
     <span class='ocr_line' id='line_1_51' title="bbox 1128 527 1897 584; baseline 0 -12"><span class='ocrx_word' id='word_1_250' title='bbox 1128 528 1279 572; x_wconf 87' lang='lat' dir='ltr'>viores</span> <span class='ocrx_word' id='word_1_251' title='bbox 1315 528 1522 572; x_wconf 88' lang='lat' dir='ltr'>habeant</span> <span class='ocrx_word' id='word_1_252' title='bbox 1558 541 1612 584; x_wconf 83' lang='lat' dir='ltr'>ep</span> <span class='ocrx_word' id='word_1_253' title='bbox 1645 532 1701 572; x_wconf 89' lang='lat'>55</span> <span class='ocrx_word' id='word_1_254' title='bbox 1734 529 1827 584; x_wconf 82' lang='lat' dir='ltr'>(sed</span> <span class='ocrx_word' id='word_1_255' title='bbox 1857 527 1897 572; x_wconf 85' lang='lat' dir='ltr'>si</span> 
     </span>
     <span class='ocr_line' id='line_1_52' title="bbox 1126 586 1898 644; baseline 0.001 -14"><span class='ocrx_word' id='word_1_256' title='bbox 1126 586 1431 631; x_wconf 86' lang='lat' dir='ltr'>immobiliter</span> <span class='ocrx_word' id='word_1_257' title='bbox 1453 600 1502 631; x_wconf 88' lang='lat' dir='ltr'>se</span> <span class='ocrx_word' id='word_1_258' title='bbox 1532 586 1706 631; x_wconf 89' lang='lat' dir='ltr'>habeat</span> <span class='ocrx_word' id='word_1_259' title='bbox 1735 600 1898 644; x_wconf 87' lang='lat' dir='ltr'>aegro-</span> 
     </span>
     <span class='ocr_line' id='line_1_53' title="bbox 1127 646 1897 702; baseline 0.003 -13"><span class='ocrx_word' id='word_1_260' title='bbox 1127 646 1203 689; x_wconf 89' lang='lat' dir='ltr'>tus</span> <span class='ocrx_word' id='word_1_261' title='bbox 1219 660 1256 702; x_wconf 92' lang='lat' dir='ltr'><strong><em>p</em></strong></span> <span class='ocrx_word' id='word_1_262' title='bbox 1281 650 1351 702; x_wconf 89' lang='lat'>45,</span> <span class='ocrx_word' id='word_1_263' title='bbox 1377 659 1459 690; x_wconf 85' lang='lat' dir='ltr'>om.</span> <span class='ocrx_word' id='word_1_264' title='bbox 1481 647 1536 702; x_wconf 85' lang='lat' dir='ltr'>c).</span> <span class='ocrx_word' id='word_1_265' title='bbox 1576 647 1897 702; x_wconf 85' lang='lat' dir='ltr'>quartanarios</span> 
     </span>
     <span class='ocr_line' id='line_1_54' title="bbox 1130 704 1898 761; baseline 0.001 -12"><span class='ocrx_word' id='word_1_266' title='bbox 1130 707 1316 761; x_wconf 85' lang='lat' dir='ltr'>oportet</span> <span class='ocrx_word' id='word_1_267' title='bbox 1352 704 1649 749; x_wconf 82' lang='lat' dir='ltr'>mediocriter</span> <span class='ocrx_word' id='word_1_268' title='bbox 1691 707 1740 750; x_wconf 92' lang='lat' dir='ltr'>et</span> <span class='ocrx_word' id='word_1_269' title='bbox 1784 705 1898 750; x_wconf 89' lang='lat' dir='ltr'>mite</span> 
     </span>
     <span class='ocr_line' id='line_1_55' title="bbox 1129 763 1380 809; baseline 0.008 -2"><span class='ocrx_word' id='word_1_270' title='bbox 1129 763 1292 807; x_wconf 86' lang='lat' dir='ltr'>haberi</span> <span class='ocrx_word' id='word_1_271' title='bbox 1320 765 1380 809; x_wconf 87' lang='lat' dir='ltr'>ib.</span> 
     </span>
    </p>

    <p class='ocr_par' dir='ltr' id='par_1_11' title="bbox 1099 821 1899 1349">
     <span class='ocr_line' id='line_1_56' title="bbox 1101 821 1896 880; baseline 0.004 -15"><span class='ocrx_word' id='word_1_272' title='bbox 1101 821 1368 868; x_wconf 76' lang='lat' dir='ltr'>habitudo:</span> <span class='ocrx_word' id='word_1_273' title='bbox 1393 823 1668 867; x_wconf 87' lang='lat' dir='ltr'>habitudine</span> <span class='ocrx_word' id='word_1_274' title='bbox 1694 824 1896 880; x_wconf 85' lang='lat' dir='ltr'>corporis</span> 
     </span>
     <span class='ocr_line' id='line_1_57' title="bbox 1129 880 1897 939; baseline 0.001 -14"><span class='ocrx_word' id='word_1_275' title='bbox 1129 880 1400 926; x_wconf 87' lang='lat' dir='ltr'>fortioribus</span> <span class='ocrx_word' id='word_1_276' title='bbox 1418 883 1538 939; x_wconf 89' lang='lat' dir='ltr'>(opp.</span> <span class='ocrx_word' id='word_1_277' title='bbox 1561 881 1808 938; x_wconf 84' lang='lat' dir='ltr'>debilibus)</span> <span class='ocrx_word' id='word_1_278' title='bbox 1827 887 1897 927; x_wconf 93' lang='lat'>71.</span> 
     </span>
     <span class='ocr_line' id='line_1_58' title="bbox 1129 941 1897 998; baseline -0.001 -13"><span class='ocrx_word' id='word_1_279' title='bbox 1129 941 1186 995; x_wconf 77' lang='lat' dir='ltr'>cf.</span> <span class='ocrx_word' id='word_1_280' title='bbox 1226 954 1262 985; x_wconf 85' lang='lat' dir='ltr'>s.</span> <span class='ocrx_word' id='word_1_281' title='bbox 1309 941 1519 998; x_wconf 79' lang='grc' dir='ltr'><strong><em>καχεξία.</em></strong></span> <span class='ocrx_word' id='word_1_282' title='bbox 1582 941 1721 997; x_wconf 89' lang='lat' dir='ltr'>plena</span> <span class='ocrx_word' id='word_1_283' title='bbox 1766 941 1897 985; x_wconf 82' lang='lat' dir='ltr'>habi-</span> 
     </span>
     <span class='ocr_line' id='line_1_59' title="bbox 1127 1000 1899 1056; baseline 0.001 -13"><span class='ocrx_word' id='word_1_284' title='bbox 1127 1000 1242 1044; x_wconf 87' lang='lat' dir='ltr'>tudo</span> <span class='ocrx_word' id='word_1_285' title='bbox 1267 1000 1471 1056; x_wconf 85' lang='lat' dir='ltr'>eorporis</span> <span class='ocrx_word' id='word_1_286' title='bbox 1497 1005 1521 1043; x_wconf 95' lang='lat'>1</span> <span class='ocrx_word' id='word_1_287' title='bbox 1553 1008 1627 1056; x_wconf 75' lang='lat'>(=</span> <span class='ocrx_word' id='word_1_288' title='bbox 1651 1000 1899 1054; x_wconf 80' lang='grc' dir='ltr'><strong><em>πλεονεξία</em></strong></span> 
     </span>
     <span class='ocr_line' id='line_1_60' title="bbox 1130 1058 1516 1115; baseline 0.003 -13"><span class='ocrx_word' id='word_1_289' title='bbox 1130 1058 1234 1103; x_wconf 81' lang='lat' dir='ltr'>Gal.</span> <span class='ocrx_word' id='word_1_290' title='bbox 1265 1058 1364 1112; x_wconf 91' lang='lat' dir='ltr'>XII,</span> <span class='ocrx_word' id='word_1_291' title='bbox 1398 1061 1516 1115; x_wconf 91' lang='lat'>505).</span> 
     </span>
     <span class='ocr_line' id='line_1_61' title="bbox 1099 1117 1899 1175; baseline 0 -14"><span class='ocrx_word' id='word_1_292' title='bbox 1099 1117 1463 1162; x_wconf 76' lang='lat' dir='ltr'>hemicranius.</span> <span class='ocrx_word' id='word_1_293' title='bbox 1475 1117 1757 1175; x_wconf 86' lang='lat' dir='ltr'>emigranius</span> <span class='ocrx_word' id='word_1_294' title='bbox 1765 1117 1899 1162; x_wconf 90' lang='lat' dir='ltr'>dolor</span> 
     </span>
     <span class='ocr_line' id='line_1_62' title="bbox 1132 1177 1898 1234; baseline 0.001 -14"><span class='ocrx_word' id='word_1_295' title='bbox 1132 1181 1170 1220; x_wconf 97' lang='lat'>1.</span> <span class='ocrx_word' id='word_1_296' title='bbox 1220 1177 1475 1233; x_wconf 87' lang='lat' dir='ltr'>emigranei</span> <span class='ocrx_word' id='word_1_297' title='bbox 1514 1178 1576 1234; x_wconf 89' lang='lat'>(9)</span> <span class='ocrx_word' id='word_1_298' title='bbox 1619 1189 1720 1233; x_wconf 90' lang='lat' dir='ltr'>opp.</span> <span class='ocrx_word' id='word_1_299' title='bbox 1752 1177 1898 1221; x_wconf 88' lang='lat' dir='ltr'>totius</span> 
     </span>
     <span class='ocr_line' id='line_1_63' title="bbox 1131 1231 1897 1306; baseline 0.003 -28"><span class='ocrx_word' id='word_1_300' title='bbox 1131 1235 1295 1306; x_wconf 83' lang='lat' dir='ltr'>capitis</span> <span class='ocrx_word' id='word_1_301' title='bbox 1342 1240 1412 1280; x_wconf 89' lang='lat'>29.</span> <span class='ocrx_word' id='word_1_302' title='bbox 1461 1261 1515 1267; x_wconf 84' lang='lat'>—-</span> <span class='ocrx_word' id='word_1_303' title='bbox 1561 1236 1652 1280; x_wconf 82' lang='lat' dir='ltr'>vid.</span> <span class='ocrx_word' id='word_1_304' title='bbox 1703 1249 1738 1280; x_wconf 85' lang='lat' dir='ltr'>s.</span> <span class='ocrx_word' id='word_1_305' title='bbox 1795 1231 1897 1292; x_wconf 83' lang='grc' dir='ltr'><em>ἡμι-</em></span> 
     </span>
     <span class='ocr_line' id='line_1_64' title="bbox 1130 1310 1502 1350; baseline -0.003 -12"><span class='ocrx_word' id='word_1_306' title='bbox 1130 1311 1341 1350; x_wconf 74' lang='grc' dir='ltr'><em>κρανιος,</em></span> <span class='ocrx_word' id='word_1_307' title='bbox 1374 1310 1502 1339; x_wconf 66' lang='grc' dir='ltr'>-ον,</span> 
     </span>
    </p>

    <p class='ocr_par' dir='ltr' id='par_1_12' title="bbox 1099 1353 1901 2882">
     <span class='ocr_line' id='line_1_65' title="bbox 1099 1353 1898 1426; baseline 0.001 -29"><span class='ocrx_word' id='word_1_308' title='bbox 1099 1353 1386 1426; x_wconf 80' lang='lat' dir='ltr'>herpyllum</span> <span class='ocrx_word' id='word_1_309' title='bbox 1409 1354 1493 1408; x_wconf 83' lang='lat' dir='ltr'>(sic</span> <span class='ocrx_word' id='word_1_310' title='bbox 1515 1357 1555 1398; x_wconf 77' lang='lat' dir='ltr'>et</span> <span class='ocrx_word' id='word_1_311' title='bbox 1577 1353 1737 1410; x_wconf 62' lang='lat' dir='ltr'>Cael.)‚·</span> <span class='ocrx_word' id='word_1_312' title='bbox 1762 1353 1898 1410; x_wconf 88' lang='lat' dir='ltr'>erpil-</span> 
     </span>
     <span class='ocr_line' id='line_1_66' title="bbox 1128 1410 1899 1469; baseline 0.001 -14"><span class='ocrx_word' id='word_1_313' title='bbox 1128 1412 1225 1456; x_wconf 90' lang='lat' dir='ltr'>lum</span> <span class='ocrx_word' id='word_1_314' title='bbox 1266 1410 1526 1469; x_wconf 75' lang='grc' dir='ltr'><strong>(ἕρπυλλον)</strong></span> <span class='ocrx_word' id='word_1_315' title='bbox 1557 1413 1699 1469; x_wconf 86' lang='lat' dir='ltr'>9(cp),</span> <span class='ocrx_word' id='word_1_316' title='bbox 1739 1412 1899 1469; x_wconf 84' lang='lat' dir='ltr'>serpil-</span> 
     </span>
     <span class='ocr_line' id='line_1_67' title="bbox 1128 1471 1899 1527; baseline 0.003 -13"><span class='ocrx_word' id='word_1_317' title='bbox 1128 1471 1227 1514; x_wconf 88' lang='lat' dir='ltr'>lum</span> <span class='ocrx_word' id='word_1_318' title='bbox 1261 1472 1338 1526; x_wconf 89' lang='lat' dir='ltr'>(„a</span> <span class='ocrx_word' id='word_1_319' title='bbox 1377 1471 1630 1527; x_wconf 87' lang='lat' dir='ltr'>serpendo“</span> <span class='ocrx_word' id='word_1_320' title='bbox 1665 1472 1792 1516; x_wconf 71' lang='lat' dir='ltr'>Ptin.</span> <span class='ocrx_word' id='word_1_321' title='bbox 1827 1476 1899 1526; x_wconf 88' lang='lat'>20,</span> 
     </span>
     <span class='ocr_line' id='line_1_68' title="bbox 1130 1529 1898 1587; baseline 0.003 -14"><span class='ocrx_word' id='word_1_322' title='bbox 1130 1532 1235 1586; x_wconf 88' lang='lat'>245)</span> <span class='ocrx_word' id='word_1_323' title='bbox 1273 1534 1377 1586; x_wconf 77' lang='lat' dir='ltr'>90p0</span> <span class='ocrx_word' id='word_1_324' title='bbox 1419 1536 1456 1575; x_wconf 94' lang='lat'>1.</span> <span class='ocrx_word' id='word_1_325' title='bbox 1518 1529 1718 1587; x_wconf 86' lang='lat' dir='ltr'>herpillo</span> <span class='ocrx_word' id='word_1_326' title='bbox 1760 1544 1790 1587; x_wconf 88' lang='lat'><em>9</em></span> <span class='ocrx_word' id='word_1_327' title='bbox 1828 1531 1898 1587; x_wconf 84' lang='lat' dir='ltr'>(p,</span> 
     </span>
     <span class='ocr_line' id='line_1_69' title="bbox 1129 1589 1898 1645; baseline 0.003 -13"><span class='ocrx_word' id='word_1_328' title='bbox 1129 1602 1212 1633; x_wconf 87' lang='lat' dir='ltr'>om.</span> <span class='ocrx_word' id='word_1_329' title='bbox 1245 1590 1301 1644; x_wconf 86' lang='lat' dir='ltr'>c.)</span> <span class='ocrx_word' id='word_1_330' title='bbox 1334 1593 1405 1633; x_wconf 90' lang='lat'>33.</span> <span class='ocrx_word' id='word_1_331' title='bbox 1463 1590 1539 1633; x_wconf 83' lang='lat' dir='ltr'>sed</span> <span class='ocrx_word' id='word_1_332' title='bbox 1569 1589 1813 1645; x_wconf 77' lang='lat' dir='ltr'>serpillum</span> <span class='ocrx_word' id='word_1_333' title='bbox 1843 1603 1898 1645; x_wconf 88' lang='lat' dir='ltr'>ep</span> 
     </span>
     <span class='ocr_line' id='line_1_70' title="bbox 1130 1647 1901 1704; baseline 0.003 -14"><span class='ocrx_word' id='word_1_334' title='bbox 1130 1652 1185 1691; x_wconf 88' lang='grc'>62</span> <span class='ocrx_word' id='word_1_335' title='bbox 1226 1651 1267 1691; x_wconf 83' lang='lat' dir='ltr'>et</span> <span class='ocrx_word' id='word_1_336' title='bbox 1304 1647 1364 1691; x_wconf 86' lang='lat' dir='ltr'>ib.</span> <span class='ocrx_word' id='word_1_337' title='bbox 1397 1660 1502 1692; x_wconf 80' lang='lat' dir='ltr'>mox</span> <span class='ocrx_word' id='word_1_338' title='bbox 1533 1647 1775 1704; x_wconf 82' lang='lat' dir='ltr'>serpsslon,</span> <span class='ocrx_word' id='word_1_339' title='bbox 1819 1649 1901 1693; x_wconf 79' lang='lat' dir='ltr'>ubi</span> 
     </span>
     <span class='ocr_line' id='line_1_71' title="bbox 1129 1705 1899 1765; baseline 0.004 -16"><span class='ocrx_word' id='word_1_340' title='bbox 1129 1705 1378 1762; x_wconf 88' lang='lat' dir='ltr'>heripilion</span> <span class='ocrx_word' id='word_1_341' title='bbox 1413 1706 1482 1763; x_wconf 82' lang='lat' dir='ltr'>(id</span> <span class='ocrx_word' id='word_1_342' title='bbox 1519 1710 1583 1750; x_wconf 83' lang='lat' dir='ltr'>est</span> <span class='ocrx_word' id='word_1_343' title='bbox 1614 1706 1830 1765; x_wconf 87' lang='lat' dir='ltr'>erpillon)</span> <span class='ocrx_word' id='word_1_344' title='bbox 1862 1719 1899 1752; x_wconf 82' lang='lat' dir='ltr'>e.</span> 
     </span>
     <span class='ocr_line' id='line_1_72' title="bbox 1129 1765 1898 1820; baseline 0 -11"><span class='ocrx_word' id='word_1_345' title='bbox 1129 1766 1185 1820; x_wconf 82' lang='lat' dir='ltr'>cf.</span> <span class='ocrx_word' id='word_1_346' title='bbox 1219 1766 1316 1809; x_wconf 80' lang='lat' dir='ltr'>ind.</span> <span class='ocrx_word' id='word_1_347' title='bbox 1350 1766 1412 1810; x_wconf 79' lang='lat' dir='ltr'>ad</span> <span class='ocrx_word' id='word_1_348' title='bbox 1443 1765 1573 1811; x_wconf 75' lang='lat' dir='ltr'>Plin.</span> <span class='ocrx_word' id='word_1_349' title='bbox 1605 1766 1716 1810; x_wconf 86' lang='lat' dir='ltr'>med.</span> <span class='ocrx_word' id='word_1_350' title='bbox 1740 1779 1775 1810; x_wconf 84' lang='lat' dir='ltr'>s.</span> <span class='ocrx_word' id='word_1_351' title='bbox 1806 1779 1898 1810; x_wconf 89' lang='lat' dir='ltr'>ser-</span> 
     </span>
     <span class='ocr_line' id='line_1_73' title="bbox 1099 1824 1898 1950; baseline 0 -23"><span class='ocrx_word' id='word_1_352' title='bbox 1099 1824 1324 1928; x_wconf 48' lang='grc' dir='ltr'>Ῑιῇῗὲᾚῗ)</span> <span class='ocrx_word' id='word_1_353' title='bbox 1361 1884 1429 1940; x_wconf 78' lang='lat' dir='ltr'>(it.</span> <span class='ocrx_word' id='word_1_354' title='bbox 1456 1883 1690 1950; x_wconf 51' lang='lat' dir='ltr'>finverno,</span> <span class='ocrx_word' id='word_1_355' title='bbox 1739 1885 1898 1939; x_wconf 85' lang='lat' dir='ltr'>verno)</span> 
     </span>
     <span class='ocr_line' id='line_1_74' title="bbox 1130 1942 1899 1999; baseline 0.001 -13"><span class='ocrx_word' id='word_1_356' title='bbox 1130 1947 1186 1986; x_wconf 90' lang='lat'>33</span> <span class='ocrx_word' id='word_1_357' title='bbox 1219 1947 1260 1987; x_wconf 84' lang='lat' dir='ltr'>et</span> <span class='ocrx_word' id='word_1_358' title='bbox 1291 1943 1390 1997; x_wconf 81' lang='lat' dir='ltr'>(ubi</span> <span class='ocrx_word' id='word_1_359' title='bbox 1419 1942 1573 1986; x_wconf 82' lang='lat' dir='ltr'>hieme</span> <span class='ocrx_word' id='word_1_360' title='bbox 1605 1945 1676 1999; x_wconf 84' lang='lat' dir='ltr'>cp)</span> <span class='ocrx_word' id='word_1_361' title='bbox 1707 1956 1736 1999; x_wconf 92' lang='lat'><em>9</em></span> <span class='ocrx_word' id='word_1_362' title='bbox 1761 1947 1816 1987; x_wconf 87' lang='lat'>39</span> <span class='ocrx_word' id='word_1_363' title='bbox 1842 1964 1899 1979; x_wconf 92' lang='lat'>=</span> 
     </span>
     <span class='ocr_line' id='line_1_75' title="bbox 1128 2001 1898 2058; baseline 0.001 -14"><span class='ocrx_word' id='word_1_364' title='bbox 1128 2001 1296 2046; x_wconf 88' lang='lat' dir='ltr'>hiemis</span> <span class='ocrx_word' id='word_1_365' title='bbox 1310 2003 1519 2058; x_wconf 90' lang='lat' dir='ltr'>tempore</span> <span class='ocrx_word' id='word_1_366' title='bbox 1537 2006 1606 2045; x_wconf 91' lang='lat'>34.</span> <span class='ocrx_word' id='word_1_367' title='bbox 1627 2007 1696 2046; x_wconf 88' lang='lat'>76.</span> <span class='ocrx_word' id='word_1_368' title='bbox 1715 2002 1788 2056; x_wconf 82' lang='lat' dir='ltr'>(ef.</span> <span class='ocrx_word' id='word_1_369' title='bbox 1809 2004 1898 2057; x_wconf 91' lang='lat'>42).</span> 
     </span>
     <span class='ocr_line' id='line_1_76' title="bbox 1099 2059 1900 2117; baseline 0.001 -13"><span class='ocrx_word' id='word_1_370' title='bbox 1099 2059 1182 2105; x_wconf 85' lang='lat' dir='ltr'>hie</span> <span class='ocrx_word' id='word_1_371' title='bbox 1223 2062 1307 2116; x_wconf 86' lang='lat' dir='ltr'>(vel</span> <span class='ocrx_word' id='word_1_372' title='bbox 1343 2060 1442 2116; x_wconf 91' lang='lat' dir='ltr'>ille)</span> <span class='ocrx_word' id='word_1_373' title='bbox 1476 2073 1565 2117; x_wconf 87' lang='lat' dir='ltr'>pro</span> <span class='ocrx_word' id='word_1_374' title='bbox 1602 2060 1663 2104; x_wconf 75' lang='lat' dir='ltr'>ist</span> <span class='ocrx_word' id='word_1_375' title='bbox 1700 2060 1900 2105; x_wconf 82' lang='lat' dir='ltr'>maxime</span> 
     </span>
     <span class='ocr_line' id='line_1_77' title="bbox 1127 2119 1895 2175; baseline 0 -12"><span class='ocrx_word' id='word_1_376' title='bbox 1127 2119 1178 2163; x_wconf 85' lang='lat' dir='ltr'>in</span> <span class='ocrx_word' id='word_1_377' title='bbox 1207 2119 1283 2163; x_wconf 90' lang='lat' dir='ltr'>his</span> <span class='ocrx_word' id='word_1_378' title='bbox 1314 2119 1394 2175; x_wconf 89' lang='lat' dir='ltr'>qui</span> <span class='ocrx_word' id='word_1_379' title='bbox 1419 2133 1476 2163; x_wconf 88' lang='lat' dir='ltr'>ex</span> <span class='ocrx_word' id='word_1_380' title='bbox 1497 2119 1790 2175; x_wconf 87' lang='lat' dir='ltr'>plenitudine</span> <span class='ocrx_word' id='word_1_381' title='bbox 1823 2132 1895 2163; x_wconf 85' lang='lat' dir='ltr'>ca-</span> 
     </span>
     <span class='ocr_line' id='line_1_78' title="bbox 1128 2177 1899 2234; baseline 0.001 -13"><span class='ocrx_word' id='word_1_382' title='bbox 1128 2177 1240 2234; x_wconf 88' lang='lat' dir='ltr'>pitis</span> <span class='ocrx_word' id='word_1_383' title='bbox 1280 2178 1496 2222; x_wconf 87' lang='lat' dir='ltr'>laborant</span> <span class='ocrx_word' id='word_1_384' title='bbox 1533 2192 1562 2234; x_wconf 93' lang='lat'><em>9</em></span> <span class='ocrx_word' id='word_1_385' title='bbox 1603 2183 1626 2222; x_wconf 89' lang='lat'>1</span> <span class='ocrx_word' id='word_1_386' title='bbox 1667 2179 1766 2234; x_wconf 79' lang='lat' dir='ltr'>(ubi</span> <span class='ocrx_word' id='word_1_387' title='bbox 1795 2191 1899 2222; x_wconf 73' lang='lat' dir='ltr'>mox</span> 
     </span>
     <span class='ocr_line' id='line_1_79' title="bbox 1128 2236 1898 2293; baseline 0.001 -13"><span class='ocrx_word' id='word_1_388' title='bbox 1128 2236 1188 2280; x_wconf 85' lang='lat' dir='ltr'>ab</span> <span class='ocrx_word' id='word_1_389' title='bbox 1220 2236 1287 2280; x_wconf 87' lang='lat' dir='ltr'>eis</span> <span class='ocrx_word' id='word_1_390' title='bbox 1317 2250 1434 2292; x_wconf 89' lang='lat' dir='ltr'>quae</span> <span class='ocrx_word' id='word_1_391' title='bbox 1467 2236 1681 2280; x_wconf 88' lang='lat' dir='ltr'>similiter</span> <span class='ocrx_word' id='word_1_392' title='bbox 1704 2236 1898 2293; x_wconf 87' lang='lat' dir='ltr'>implere</span> 
     </span>
     <span class='ocr_line' id='line_1_80' title="bbox 1129 2295 1898 2353; baseline 0 -14"><span class='ocrx_word' id='word_1_393' title='bbox 1129 2297 1270 2352; x_wconf 84' lang='lat' dir='ltr'>eaput</span> <span class='ocrx_word' id='word_1_394' title='bbox 1308 2297 1593 2351; x_wconf 83' lang='lat' dir='ltr'>noscuntur).</span> <span class='ocrx_word' id='word_1_395' title='bbox 1654 2295 1830 2339; x_wconf 88' lang='lat' dir='ltr'>eisdem</span> <span class='ocrx_word' id='word_1_396' title='bbox 1869 2310 1898 2353; x_wconf 87' lang='lat'><em>9</em></span> 
     </span>
     <span class='ocr_line' id='line_1_81' title="bbox 1127 2354 1898 2410; baseline 0 -12"><span class='ocrx_word' id='word_1_397' title='bbox 1127 2358 1182 2398; x_wconf 90' lang='lat'>35</span> <span class='ocrx_word' id='word_1_398' title='bbox 1217 2355 1315 2410; x_wconf 83' lang='lat' dir='ltr'>(ubi</span> <span class='ocrx_word' id='word_1_399' title='bbox 1351 2354 1400 2398; x_wconf 91' lang='lat' dir='ltr'>in</span> <span class='ocrx_word' id='word_1_400' title='bbox 1430 2354 1613 2398; x_wconf 84' lang='lat' dir='ltr'>hisdem</span> <span class='ocrx_word' id='word_1_401' title='bbox 1636 2367 1696 2410; x_wconf 94' lang='lat' dir='ltr'>p,</span> <span class='ocrx_word' id='word_1_402' title='bbox 1737 2368 1819 2399; x_wconf 90' lang='lat' dir='ltr'>om.</span> <span class='ocrx_word' id='word_1_403' title='bbox 1860 2368 1898 2410; x_wconf 82' lang='lat' dir='ltr'>e,</span> 
     </span>
     <span class='ocr_line' id='line_1_82' title="bbox 1127 2412 1899 2469; baseline -0.001 -12"><span class='ocrx_word' id='word_1_404' title='bbox 1127 2413 1246 2457; x_wconf 79' lang='lat' dir='ltr'>sicut</span> <span class='ocrx_word' id='word_1_405' title='bbox 1275 2412 1348 2457; x_wconf 89' lang='lat' dir='ltr'>his</span> <span class='ocrx_word' id='word_1_406' title='bbox 1373 2413 1453 2469; x_wconf 91' lang='lat' dir='ltr'>qui</span> <span class='ocrx_word' id='word_1_407' title='bbox 1468 2426 1560 2469; x_wconf 82' lang='lat' dir='ltr'>pro</span> <span class='ocrx_word' id='word_1_408' title='bbox 1583 2413 1622 2456; x_wconf 90' lang='lat' dir='ltr'>is</span> <span class='ocrx_word' id='word_1_409' title='bbox 1648 2433 1703 2449; x_wconf 94' lang='lat'><strong><em>=</em></strong></span> <span class='ocrx_word' id='word_1_410' title='bbox 1727 2413 1785 2457; x_wconf 87' lang='lat' dir='ltr'>iis</span> <span class='ocrx_word' id='word_1_411' title='bbox 1817 2412 1899 2468; x_wconf 88' lang='lat' dir='ltr'>qui</span> 
     </span>
     <span class='ocr_line' id='line_1_83' title="bbox 1122 2472 1897 2528; baseline 0 -13"><span class='ocrx_word' id='word_1_412' title='bbox 1122 2486 1156 2528; x_wconf 90' lang='lat' dir='ltr'><strong><em>p</em></strong></span> <span class='ocrx_word' id='word_1_413' title='bbox 1198 2475 1277 2527; x_wconf 90' lang='lat'>43,</span> <span class='ocrx_word' id='word_1_414' title='bbox 1316 2485 1370 2528; x_wconf 80' lang='lat' dir='ltr'>ep</span> <span class='ocrx_word' id='word_1_415' title='bbox 1411 2475 1467 2515; x_wconf 90' lang='lat'>48</span> <span class='ocrx_word' id='word_1_416' title='bbox 1502 2473 1583 2518; x_wconf 81' lang='lat' dir='ltr'>bis.</span> <span class='ocrx_word' id='word_1_417' title='bbox 1639 2477 1709 2517; x_wconf 86' lang='grc'><em>66.</em></span> <span class='ocrx_word' id='word_1_418' title='bbox 1758 2472 1816 2526; x_wconf 83' lang='lat' dir='ltr'>cf.</span> <span class='ocrx_word' id='word_1_419' title='bbox 1841 2477 1897 2516; x_wconf 89' lang='lat'>46</span> 
     </span>
     <span class='ocr_line' id='line_1_84' title="bbox 1127 2530 1896 2587; baseline 0 -13"><span class='ocrx_word' id='word_1_420' title='bbox 1127 2531 1185 2575; x_wconf 91' lang='lat' dir='ltr'>de</span> <span class='ocrx_word' id='word_1_421' title='bbox 1216 2530 1289 2574; x_wconf 90' lang='lat' dir='ltr'>his</span> <span class='ocrx_word' id='word_1_422' title='bbox 1320 2545 1356 2586; x_wconf 84' lang='lat' dir='ltr'>c,</span> <span class='ocrx_word' id='word_1_423' title='bbox 1388 2531 1470 2575; x_wconf 81' lang='lat' dir='ltr'>ubi</span> <span class='ocrx_word' id='word_1_424' title='bbox 1500 2545 1557 2575; x_wconf 89' lang='lat' dir='ltr'>ea</span> <span class='ocrx_word' id='word_1_425' title='bbox 1588 2532 1646 2575; x_wconf 83' lang='lat' dir='ltr'>al.</span> <span class='ocrx_word' id='word_1_426' title='bbox 1674 2545 1710 2587; x_wconf 91' lang='lat' dir='ltr'><strong><em>p</em></strong></span> <span class='ocrx_word' id='word_1_427' title='bbox 1750 2535 1791 2575; x_wconf 84' lang='lat' dir='ltr'>et</span> <span class='ocrx_word' id='word_1_428' title='bbox 1827 2531 1896 2574; x_wconf 76' lang='lat' dir='ltr'>tit.</span> 
     </span>
     <span class='ocr_line' id='line_1_85' title="bbox 1126 2589 1895 2645; baseline -0.003 -11"><span class='ocrx_word' id='word_1_429' title='bbox 1126 2603 1212 2634; x_wconf 87' lang='lat' dir='ltr'>rec.</span> <span class='ocrx_word' id='word_1_430' title='bbox 1231 2603 1269 2645; x_wconf 93' lang='lat' dir='ltr'><strong><em>p</em></strong></span> <span class='ocrx_word' id='word_1_431' title='bbox 1293 2593 1349 2634; x_wconf 86' lang='lat'>56</span> <span class='ocrx_word' id='word_1_432' title='bbox 1374 2590 1443 2634; x_wconf 91' lang='lat' dir='ltr'>De</span> <span class='ocrx_word' id='word_1_433' title='bbox 1474 2589 1565 2634; x_wconf 88' lang='lat' dir='ltr'>hiis</span> <span class='ocrx_word' id='word_1_434' title='bbox 1599 2589 1680 2645; x_wconf 90' lang='lat' dir='ltr'>qui</span> <span class='ocrx_word' id='word_1_435' title='bbox 1703 2594 1781 2634; x_wconf 82' lang='lat' dir='ltr'>etc.</span> <span class='ocrx_word' id='word_1_436' title='bbox 1830 2589 1895 2633; x_wconf 91' lang='lat' dir='ltr'>eis</span> 
     </span>
     <span class='ocr_line' id='line_1_86' title="bbox 1127 2647 1897 2705; baseline -0.001 -13"><span class='ocrx_word' id='word_1_437' title='bbox 1127 2662 1180 2705; x_wconf 86' lang='lat' dir='ltr'>cp</span> <span class='ocrx_word' id='word_1_438' title='bbox 1205 2653 1274 2693; x_wconf 88' lang='lat'>55.</span> <span class='ocrx_word' id='word_1_439' title='bbox 1303 2654 1372 2694; x_wconf 90' lang='lat'>71.</span> <span class='ocrx_word' id='word_1_440' title='bbox 1405 2663 1460 2693; x_wconf 93' lang='lat' dir='ltr'>ea</span> <span class='ocrx_word' id='word_1_441' title='bbox 1476 2662 1594 2705; x_wconf 90' lang='lat' dir='ltr'>quae</span> <span class='ocrx_word' id='word_1_442' title='bbox 1617 2652 1687 2692; x_wconf 91' lang='lat'>82.</span> <span class='ocrx_word' id='word_1_443' title='bbox 1726 2648 1793 2692; x_wconf 92' lang='lat' dir='ltr'>hii</span> <span class='ocrx_word' id='word_1_444' title='bbox 1816 2647 1897 2703; x_wconf 90' lang='lat' dir='ltr'>qui</span> 
     </span>
     <span class='ocr_line' id='line_1_87' title="bbox 1127 2706 1897 2764; baseline -0.003 -12"><span class='ocrx_word' id='word_1_445' title='bbox 1127 2720 1151 2752; x_wconf 85' lang='lat' dir='ltr'>c</span> <span class='ocrx_word' id='word_1_446' title='bbox 1183 2713 1237 2752; x_wconf 89' lang='lat'>63</span> <span class='ocrx_word' id='word_1_447' title='bbox 1270 2708 1352 2752; x_wconf 80' lang='lat' dir='ltr'>ubi</span> <span class='ocrx_word' id='word_1_448' title='bbox 1381 2708 1455 2751; x_wconf 89' lang='lat' dir='ltr'>his</span> <span class='ocrx_word' id='word_1_449' title='bbox 1487 2707 1568 2764; x_wconf 90' lang='lat' dir='ltr'>qui</span> <span class='ocrx_word' id='word_1_450' title='bbox 1591 2721 1642 2764; x_wconf 89' lang='lat' dir='ltr'>p.</span> <span class='ocrx_word' id='word_1_451' title='bbox 1697 2706 1897 2751; x_wconf 89' lang='lat' dir='ltr'>hiisdem</span> 
     </span>
     <span class='ocr_line' id='line_1_88' title="bbox 1127 2766 1895 2823; baseline -0.003 -12"><span class='ocrx_word' id='word_1_452' title='bbox 1127 2780 1151 2811; x_wconf 89' lang='lat' dir='ltr'><strong><em>c</em></strong></span> <span class='ocrx_word' id='word_1_453' title='bbox 1185 2770 1238 2810; x_wconf 90' lang='lat'>75</span> <span class='ocrx_word' id='word_1_454' title='bbox 1269 2767 1351 2811; x_wconf 79' lang='lat' dir='ltr'>ubi</span> <span class='ocrx_word' id='word_1_455' title='bbox 1381 2766 1562 2811; x_wconf 88' lang='lat' dir='ltr'>hisdem</span> <span class='ocrx_word' id='word_1_456' title='bbox 1586 2780 1645 2823; x_wconf 95' lang='lat' dir='ltr'>p,</span> <span class='ocrx_word' id='word_1_457' title='bbox 1684 2766 1802 2810; x_wconf 76' lang='lat' dir='ltr'>sicut</span> <span class='ocrx_word' id='word_1_458' title='bbox 1842 2779 1895 2821; x_wconf 87' lang='lat' dir='ltr'>ep</span> 
     </span>
     <span class='ocr_line' id='line_1_89' title="bbox 1129 2825 1895 2882; baseline -0.001 -13"><span class='ocrx_word' id='word_1_459' title='bbox 1129 2828 1216 2882; x_wconf 88' lang='lat'>76).</span> <span class='ocrx_word' id='word_1_460' title='bbox 1263 2826 1332 2870; x_wconf 79' lang='lat' dir='ltr'>ita</span> <span class='ocrx_word' id='word_1_461' title='bbox 1362 2826 1603 2870; x_wconf 76' lang='lat' dir='ltr'>sexcenties</span> <span class='ocrx_word' id='word_1_462' title='bbox 1642 2825 1777 2870; x_wconf 82' lang='lat' dir='ltr'>etiam</span> <span class='ocrx_word' id='word_1_463' title='bbox 1807 2825 1895 2868; x_wconf 89' lang='lat' dir='ltr'>hae</span> 
     </span>
    </p>
   </div>
  </div>
 </body>
</html>
