2004 3186
792 146 854 152 —
938 117 1063 172 157‘
1121 150 1189 156 -

150 245 203 288 et
248 237 390 286 multi
436 251 615 287 cursus
663 235 923 305 sudorum,
969 238 1197 290 adiuncta
1245 240 1484 291 febricula
1527 257 1688 306 parva.
1750 243 1832 292 ali·

150 318 364 377 quantos
404 317 455 360 et
492 311 600 360 sitis
639 311 881 374 sequitur.
943 311 1177 377 aliquanti
1219 316 1366 364 etiam
1404 330 1521 364 vero
1560 314 1686 364 hanc
1724 330 1833 380 pas-

152 388 344 436 sionem
389 398 640 450 syncopen
686 383 1077 453 appellaverunt,
1121 387 1170 437 id
1218 394 1295 438 est
1340 390 1746 454 amputationem,
1793 391 1834 438 si

152 459 355 525 quidem
393 458 453 508 ab
485 456 682 508 ossibus
713 464 766 507 et
795 461 959 509 nervis
997 475 1088 524 per
1120 461 1311 526 singula
1341 461 1562 511 membra
1591 464 1835 527 patientes

149 533 461 598 occidantur,
520 546 634 582 cum
686 546 778 596 per
832 533 1064 583 sudorem
1117 535 1429 584 mortiferum
1488 537 1697 584 animam
1751 535 1833 584 ob·
1858 546 1879 579 5

153 608 392 656 miserint.

300 682 352 729 in
400 677 738 728 curationibus
786 695 902 729 vero
952 681 1115 730 oleum
1161 680 1397 730 melinum
1447 689 1531 731 aut
1569 684 1837 746 myrtinum

150 763 238 803 aut
284 753 602 802 lentiscinum
648 768 764 802 cum
810 755 923 802 vino
971 761 1169 804 austero
1216 756 1268 803 in
1313 754 1437 804 lanis
1483 754 1737 804 redactum
1788 763 1837 804 et

152 829 433 893 appositum
479 826 732 876 stomacho
780 834 830 876 et
883 828 1186 892 praecordiis
1234 835 1283 877 et
1337 828 1569 878 umbilico
1623 843 1835 894 syncope

155 899 493 950 laborantibus
533 899 747 950 abstinet
786 901 1032 951 sudorem.
1863 913 1903 945 ιο

301 974 447 1024 aliud.
518 976 571 1024 in
617 973 901 1024 cubiculum
948 977 1076 1024 aeris
1122 974 1240 1025 boni
1287 982 1337 1025 et
1382 991 1542 1040 neque
1589 977 1707 1025 satis
1753 990 1837 1040 op·

154 1064 382 1115 pressum
416 1063 579 1114 neque
603 1055 889 1098 aestuosum
918 1048 1134 1098 ramulos
1159 1049 1340 1098 virides
1371 1056 1557 1114 myrtae
1589 1056 1639 1098 et
1671 1055 1838 1098 cetera

156 1123 367 1173 similem
400 1124 633 1172 virtutem
670 1122 1018 1188 redarguentia
1048 1124 1098 1171 in
1140 1124 1349 1173 circuitu
1381 1124 1586 1172 iacentis
1618 1124 1839 1188 apposita

156 1197 375 1247 relevant
413 1202 739 1261 aegrotantes,

304 1270 449 1320 aliud.
511 1276 671 1334 myrta
702 1271 832 1319 sicca
863 1277 914 1320 et
951 1271 1240 1319 tenuissime
1273 1276 1408 1319 creta
1440 1277 1490 1319 et
1526 1269 1838 1334 singulariter
1863 1279 1906 1312 1⁵

155 1359 357 1409 aspersa
402 1350 487 1393 aut
533 1342 705 1408 pollini
748 1343 975 1408 polentae
1022 1350 1107 1393 aut
1153 1350 1316 1392 cretae
1366 1342 1579 1392 admixta
1626 1358 1838 1408 syncope

157 1417 495 1468 laborantibus
535 1416 762 1467 abstinet.

305 1491 451 1542 aliud.
514 1489 708 1556 glebula
739 1489 895 1540 multa
933 1490 993 1540 de
1033 1491 1221 1556 pariete
1261 1505 1387 1555 aqua
1426 1489 1602 1555 frigida
1639 1490 1839 1554 perfusa

155 1572 208 1616 et
245 1567 298 1615 in
338 1566 552 1615 circuitu
590 1566 798 1614 iacentis
836 1566 1059 1630 apposita
1098 1571 1147 1613 et
1184 1563 1386 1614 naribus
1427 1564 1654 1612 odoratui
1691 1562 1840 1628 appli-

155 1647 262 1690 cata
303 1638 512 1689 sudores
552 1637 766 1688 abstinet
805 1645 855 1687 et
892 1640 1023 1687 vires
1062 1639 1362 1701 aegrotantis
1403 1638 1673 1686 confirmat.
1863 1648 1906 1680 20

304 1713 452 1764 aliud.
512 1711 712 1777 polenta
743 1726 856 1762 cum
888 1713 1000 1760 vino
1040 1712 1308 1775 granaticio
1340 1710 1560 1760 resoluta
1591 1718 1641 1760 et
1677 1716 1842 1775 potata

158 1794 244 1837 aut
287 1790 340 1837 in
379 1785 724 1850 cataplasmate
763 1784 979 1834 adhibita
1026 1799 1124 1834 non
1171 1783 1326 1833 calida
1371 1783 1586 1844 abstinet
1636 1783 1842 1833 sudores

157 1869 208 1910 et
246 1862 376 1910 vires
416 1860 664 1926 depositas
709 1860 868 1924 erigit.

277 1977 302 2015 2
336 1973 390 2022 et.
416 1985 459 2015 c:
492 1971 638 2015 etiam
661 1985 711 2027 p.
851 1970 955 2015 sitis
987 1985 1028 2016 c:
1060 1956 1175 2016 τίω·
1210 1972 1267 2027 (⁴2)
1293 1984 1342 2026 p.
1489 1975 1515 2014 3
1549 1969 1770 2025 sincopen
1792 1982 1843 2024 p.

158 2037 394 2088 scicopem
432 2045 470 2074 c.
618 2035 648 2074 4
685 2029 947 2087 patientem
985 2030 1169 2075 occidat
1205 2043 1261 2074 c„
1394 2034 1419 2073 5
1460 2031 1508 2073 et
1543 2042 1649 2072 cum
1679 2027 1843 2072 sudore

159 2105 401 2151 mortifero
425 2118 476 2160 p.
643 2103 849 2148 animam
880 2103 1091 2149 amiserit
1121 2118 1159 2159 c,
1189 2088 1287 2173 aiffa}
1303 2140 1313 2148 .
1331 2101 1434 2156 unit
1465 2103 1534 2159 (in
1562 2100 1706 2158 τηατ-9.
1741 2103 1756 2121 ⁵
1785 2100 1844 2145 ob

160 2201 218 2216 ==
249 2178 455 2223 animam
494 2177 795 2234 obmiserunt)
828 2192 879 2234 p.
1034 2183 1059 2222 7
1095 2178 1334 2222 mellinum
1366 2190 1401 2221 c.
1554 2181 1579 2220 8
1611 2175 1717 2219 inat
1743 2177 1749 2230 1
1777 2188 1845 2218 re-

112 2227 125 2242 *
157 2239 300 2283 dactfi
330 2252 368 2293 c,
398 2238 448 2282 in
477 2237 598 2282 lanis
628 2237 871 2281 reductum
895 2251 946 2294 p.
1083 2242 1109 2281 9
1141 2249 1342 2294 syncope
1374 2249 1411 2280 e.
1557 2240 1611 2279 10
1641 2234 1848 2279 abstinet

159 2312 204 2343 c:
235 2297 408 2342 retinet
430 2310 468 2353 p
499 2298 582 2353 (qr.
617 2293 824 2350 στέλλει).
948 2301 1001 2340 11
1028 2297 1077 2340 et
1100 2310 1140 2341 c:
1175 2309 1258 2342 om.
1276 2309 1327 2352 p.
1451 2299 1504 2337 12
1533 2293 1679 2338 viride
1709 2292 1846 2336 mirte

159 2371 206 2401 c:
237 2356 373 2400 mitte
402 2355 576 2400 virides
599 2370 650 2412 p.
782 2360 836 2400 13
870 2354 1013 2415 simili
1041 2354 1185 2412 (-lia.
1215 2357 1256 2411 e)
1296 2354 1466 2398 virtute
1498 2366 1565 2408 cp.
1691 2351 1845 2395 redar-

160 2415 354 2472 guentia.
384 2428 428 2459 c:
462 2417 591 2459 -tes
615 2428 665 2471 p.
819 2419 876 2458 14
906 2415 1085 2460 relevat
1114 2427 1150 2459 e.
1305 2417 1359 2457 15
1391 2411 1530 2456 mitta
1552 2425 1610 2467 p:
1651 2410 1792 2454 smira.
1822 2423 1845 2453 c

160 2475 377 2532 (μυρσίνη
407 2473 598 2529 Divite).
723 2479 776 2518 16
807 2487 996 2530 aspersa
1026 2474 1103 2529 (cf.
1127 2473 1284 2518 Dio-ec.
1321 2477 1367 2527 1,
1402 2474 1484 2515 155
1515 2471 1679 2514 Aetius
1706 2474 1754 2523 9,
1781 2469 1843 2523 1):

161 2546 328 2590 aspera
370 2547 437 2589 cp.
646 2532 836 2588 polentae
883 2535 966 2577 aut
1011 2534 1137 2577 certe
1183 2546 1226 2587 e,
1272 2530 1464 2588 pulente
1511 2530 1593 2573 aut
1638 2530 1764 2573 creta
1793 2541 1842 2582 p.

163 2594 340 2637 cretae:
373 2593 430 2646 cf.
465 2590 584 2636 Cael.
616 2591 736 2636 Aur.
767 2605 839 2636 ox.
873 2596 929 2646 2,
961 2596 1070 2637 200.
1251 2592 1438 2646 sincope
1466 2601 1550 2632 om.
1582 2601 1616 2631 c.
1792 2590 1844 2630 18

162 2651 354 2708 glenula
383 2666 444 2696 m.
477 2650 536 2695 de
565 2655 736 2707 pano&
767 2664 802 2696 c.
927 2655 980 2695 19
1013 2651 1210 2695 odoratu
1234 2663 1273 2705 c,
1306 2650 1415 2692 —tfi
1439 2661 1490 2704 p.
1609 2644 1847 2702 applicata

155 2715 231 2766 120,
262 2710 416 2755 -cita
439 2724 491 2767 p,
526 2709 674 2754 —cite
706 2724 742 2754 c.
862 2714 920 2754 20
952 2709 1158 2754 abstinet
1188 2722 1232 2753 c:
1262 2707 1433 2752 retinet
1454 2719 1493 2762 p
1521 2706 1647 2760 (item
1674 2718 1716 2749 v.
1741 2706 1845 2757 22).

165 2769 400 2814 confortat
422 2782 472 2826 p.
594 2773 650 2813 21
682 2768 878 2825 pulenta
905 2769 1021 2823 (hic)
1054 2782 1090 2814 c.
1233 2764 1473 2824 granatico
1504 2777 1547 2819 c,
1579 2764 1771 2821 grauate
1795 2776 1844 2818 p.

164 2833 220 2871 22
254 2830 336 2873 aut
365 2829 434 2872 in:
467 2829 516 2872 et,
546 2842 613 2884 cp.
