2004 3186
835 121 1231 175 -118—

183 252 380 311 vocant,
434 259 493 293 ex
546 242 699 293 calida
756 248 806 291 et
859 242 982 291 ole0.
1059 241 1183 291 solet
1215 243 1368 291 >enim
1415 242 1576 290 vesica
1627 242 1773 291 etiam
1824 241 1867 290 si

183 320 334 368 fuerit
380 318 648 367 constricta
694 315 864 366 subtili
918 316 1135 365 fomento
1185 314 1394 364 relaxari
1447 321 1499 364 et
1543 315 1754 364 urinam·
1787 322 1866 363 re-

182 398 368 442 tentam
414 390 637 440 reddere.
708 388 839 454 quod
887 390 929 438 si
975 389 1175 439 minime
1222 390 1365 439 urina
1412 389 1562 437 suerit
1608 394 1778 438 secuta
1816 394 1867 437 et

184 466 573 530 perseveraverit
619 477 769 529 supra
816 463 945 513 dicta
991 462 1267 528 periculosa
1307 461 1624 528 abstinentia,
1670 468 1887 527 oportet¹
1965 470 1969 477 ·

139 551 160 583 5
185 541 234 588 in
266 537 496 588 cruribus
518 539 579 587 <si
610 539 739 586 vires
778 539 1034 602 patiuntur
1066 551 1213 602 supra
1253 535 1376 585 talos
1414 536 1680 585 interiores
1717 549 1866 585 venas

183 612 415 661 incidere.
479 618 528 661 et
568 613 610 661 si
648 610 787 660 dolor
826 626 925 659 non
965 611 1222 676 minuerit,
1261 608 1592 659 adhibendum
1627 615 1704 659 est
1739 615 1865 659 cata-

182 685 367 751 plasma
415 701 475 735 ex
520 685 608 734 lini
655 686 841 734 semine
889 689 939 733 et
985 684 1115 733 faeni
1159 685 1324 748 graeci
1363 690 1413 732 et
1458 682 1632 732 hordei
1670 682 1867 749 polline,

183 759 397 809 admixto
437 773 676 824 papavere
717 759 835 807 trito
873 765 922 806 et
960 758 1124 806 resina
1162 756 1313 822 pinali
1345 764 1395 806 et
1433 758 1558 822 pice.
1619 764 1867 806 transacto

184 839 346 883 autem
394 832 562 882 dolore
601 831 946 897 apponendum
993 832 1292 880 cei-otarium
1334 845 1393 879 ex
1440 831 1605 880 resina
1656 831 1780 879 frixa
1818 838 1867 880 et

117 919 160 950 10
185 908 321 972 ysopi
360 921 479 955 suco
512 913 561 955 et
591 906 881 955 ammoniaci
919 910 1057 969 gutta
1089 910 1139 953 et
1168 904 1279 954 0100
1311 905 1530 969 sicyonio
1569 904 1867 955 consectum.

331 981 373 1028 si
419 994 535 1028 vero
581 978 796 1044 lapidum
844 978 919 1028 vel
959 992 1220 1028 arenarum
1269 978 1420 1027 fuerit
1462 977 1685 1044 querela,
1733 979 1865 1028 simi-

181 1052 294 1102 liter
332 1059 388 1102 ut
427 1053 693 1102 nefreticos
734 1051 945 1101 curabis

329 1128 405 1175 sin
451 1141 567 1175 vero
615 1141 674 1175 ex
721 1125 949 1175 cachexia
998 1127 1222 1190 corporis
1260 1125 1320 1175 de
1368 1124 1575 1175 humore
1617 1140 1864 1175 venenoso

182 1207 232 1249 et
283 1199 502 1249 mordaci
549 1199 855 1259 xulceratione
903 1199 1028 1249 facta
1074 1200 1391 1264 asperitatem
1436 1214 1547 1248 cum
1596 1198 1766 1249 dolore
1815 1201 1866 1249 in

116 1286 159 1318 15
185 1275 340 1338 capite
380 1281 583 1323 naturae
616 1274 864 1323 senserint
894 1274 1160 1338 patienteS‚
1199 1274 1518 1322 reumatismo
1550 1272 1867 1323 adscribitur.

182 1353 378 1411 oportet
432 1361 548 1412 ergo
602 1347 726 1397 lacte
781 1348 972 1395 asinino
1025 1347 1271 1411 tepefacto
1329 1347 1618 1411 frequenter
1671 1348 1866 1397 ieiunos

180 1426 366 1485 potare.
428 1420 559 1485 quod
600 1423 642 1469 si
680 1420 739 1469 ad
778 1435 1015 1485 praesens
1054 1435 1154 1469 non
1193 1420 1364 1486 suerit,
1416 1422 1672 1485 caprinum
1713 1419 1866 1487 dabis,

181 1500 231 1542 et
263 1493 492 1543 embroce
525 1493 677 1544 calida
711 1510 770 1543 ex
802 1494 925 1543 lanis
957 1493 1142 1543 sucidis
1169 1500 1220 1543 et
1251 1508 1454 1543 rosaceo
1486 1500 1536 1543 et
1560 1495 1672 1543 vino
1706 1495 1864 1544 mulso

181 1573 266 1616 aut
309 1583 455 1631 passo
502 1567 715 1617 admixto
764 1567 856 1617 sub
904 1567 1137 1617 umbilico
1183 1566 1464 1632 pubetenus
1502 1570 1751 1633 pectinem
1790 1568 1866 1617 vel

114 1653 158 1684 20
181 1647 390 1706 utraque
430 1640 510 1690 ilia
551 1643 819 1706 cooperies
882 1640 1174 1691 mulieribus
1213 1647 1378 1690 autem
1411 1647 1460 1690 et
1497 1643 1774 1706 pessarium
1805 1657 1865 1691 ex

178 1714 304 1764 lacte
351 1715 541 1764 asinino
587 1714 662 1764 vel
701 1715 902 1780 caprino
942 1721 1026 1764 aut
1070 1713 1300 1764 muliebri
1336 1714 1462 1764 lacte
1503 1715 1865 1780 apponendum.

178 1789 231 1836 in
276 1789 394 1837 viris
440 1803 557 1838 vero
606 1790 647 1837 si
692 1789 744 1837 in
791 1789 950 1854 capite
998 1795 1202 1838 naturae
1250 1803 1470 1837 morsum
1525 1803 1639 1839 cum
1694 1788 1862 1838 dolore

180 1863 448 1927 senserint,
501 1877 592 1927 per
646 1861 884 1912 auliscum
940 1864 1124 1912 oticum
1171 1877 1377 1911 aeneum
1429 1862 1615 1928 lenem,
1669 1869 1719 1912 et
1764 1878 1863 1912 non

179 1949 377 1983 osseum
416 1950 478 1984 ne
525 1935 800 2000 frangatur,
846 1942 930 1985 aut
970 1944 1103 1985 certe
1147 1942 1434 2000 argenteum
1483 1935 1775 1986 fabricatum
1815 1944 1865 1986 et

301 2066 323 2105 1
358 2061 521 2106 etiam:
555 2063 603 2106 et
617 2075 669 2118 Ρ.
791 2067 816 2106 5
848 2062 968 2107 tales
992 2076 1046 2118 οΡ
1077 2063 1154 2117 (cf.
1181 2062 1283 2107 Gal.
1313 2063 1376 2117 X,
1408 2066 1532 2119 904).
1653 2063 1865 2108 interiori

178 2133 298 2165 vena.
329 2133 376 2174 c,
406 2119 649 2166 interiores
679 2134 821 2166 venas
845 2135 882 2178 Ρ
914 2122 1071 2177 (super
1100 2122 1222 2166 talos
1255 2135 1395 2166 venas
1426 2121 1669 2166 interiores
1704 2123 1862 2178 Potin).

180 2183 206 2222 6
237 2179 458 2224 minuerit
488 2193 542 2236 οΡ
574 2179 816 2235 (minuitur
849 2180 1005 2236 Petr.)
1148 2183 1221 2225 est
1249 2193 1332 2225 om.
1365 2195 1402 2226 0.
1546 2185 1571 2224 7
1607 2180 1795 2237 pollinis
1826 2194 1862 2235 0,

178 2236 433 2305 pollinibus
449 2252 486 2296 Ρ
511 2239 703 2295 (polline
727 2240 881 2294 Petra).
1002 2243 1030 2284 8
1053 2239 1303 2306 papaveris
1326 2252 1351 2284 0
1375 2240 1443 2296 (et,
1466 2239 1639 2284 semine
1664 2239 1863 2296 agrestis

178 2296 435 2365 papaveris·
457 2297 613 2353 Patr..)
734 2297 882 2355 pinali
913 2310 988 2354 οΡ.
1030 2298 1168 2354 pinea.
1203 2298 1324 2342 Petr.
1447 2302 1473 2342 9
1507 2299 1555 2343 et
1587 2299 1722 2354 ysopi
1753 2311 1862 2342 suco

180 2356 229 2399 et
259 2355 513 2401 armoniaci
545 2370 652 2401 suco
685 2358 733 2401 et
762 2355 1019 2402 armoniaci
1048 2358 1183 2413 gutta
1206 2370 1257 2413 Ρ.
1383 2362 1433 2401 11
1469 2357 1508 2401 si
1534 2383 1589 2389 —
1613 2357 1706 2414 (12)
1732 2370 1864 2402 cura-

179 2412 252 2458 bis
284 2426 367 2458 om.
400 2429 435 2460 0.
574 2420 628 2460 13
663 2415 743 2460 Sin
775 2430 818 2459 c:
853 2415 903 2459 Si
930 2428 978 2471 Ρ.
1110 2415 1167 2460 de
1199 2429 1243 2460 0·
1276 2416 1351 2460 vel
1378 2430 1425 2472 Ρ.
1551 2420 1605 2460 15
1638 2415 1864 2461 senserint

175 2473 254 2527 (cf.
286 2486 327 2517 v.
360 2477 464 2527 23).
496 2474 770 2541 scripserint
789 2489 849 2531 Ρ,
881 2487 965 2519 om.
997 2488 1035 2518 0.
1155 2474 1428 2519 rumatismo
1460 2489 1503 2529 0,
1536 2475 1786 2520 101131318ωο
1811 2488 1861 2531 Ρ.

179 2537 234 2575 16
267 2545 377 2589 ergo
409 2547 492 2577 om.
524 2546 560 2578 0.
710 2532 868 2577 ieiumi
907 2538 1149 2578 0.17
1182 2534 1328 2589 quod:
1374 2534 1456 2578 sed
1489 2533 1563 2591 (fg)
1594 2547 1631 2578 0.
1782 2547 1862 2590 ap-

176 2604 364 2646 presens
393 2605 426 2648 Ρ
577 2596 631 2637 18
664 2591 877 2637 embroce
918 2591 1068 2637 calide
1106 2606 1174 2649 οΡ.
1325 2607 1456 2638 roseo
1489 2607 1524 2638 0.
1636 2641 1641 2646 ,
1677 2597 1733 2636 20
1769 2592 1862 2636 3113

177 2649 387 2707 cooperis
419 2664 455 2707 0,
487 2664 618 2695 acors
632 2665 670 2719 Ρ
701 2650 813 2707 (ylia
843 2651 993 2707 operis
1009 2653 1100 2708 ΡΟ).
1222 2652 1270 2696 et
1296 2665 1340 2696 0·
1372 2665 1456 2696 om.
1477 2666 1526 2708 Ρ
1646 2655 1702 2694 21
1738 2651 1861 2695 lacte

177 2721 223 2752 0·
255 2722 338 2754 cm.
364 2722 415 2764 Ρ.
536 2714 592 2754 22
626 2710 666 2754 si
694 2715 715 2753 ῑ
744 2723 797 2766 Ρι
837 2722 921 2754 om.
946 2723 982 2755 0.
1105 2715 1160 2755 23
1193 2724 1358 2755 eneum
1382 2724 1440 2767 p:
1483 2723 1635 2755 om.c.
1757 2710 1861 2754 10110

173 2780 229 2822 Ρ,
267 2767 373 2811 1300
411 2781 448 2812 0.
629 2771 678 2813 et
716 2782 810 2814 non
849 2782 1027 2813 osseum
1062 2795 1116 2800 —
1148 2770 1429 2815 fabricatum
1453 2783 1510 2827 Ρ.
1551 2782 1576 2819 7
1620 2781 1695 2813 ros
1737 2769 1862 2813 siccu

175 2824 388 2882 fragatm
420 2828 501 2871 aut
532 2829 711 2872 arteum
741 2828 995 2873 fabricatur
1026 2842 1061 2873 0.
