2004 3186
745 108 1145 162 —205—

0 230 1 235 ’
127 225 265 268 etiam
303 223 484 268 Caelius
522 223 615 277 (ox.
650 227 697 279 1,
732 226 803 266 45.
854 227 902 278 2,

0 241 2 346 >
130 287 188 327 83
220 286 299 327 etc.
338 297 447 326 nam
485 282 578 326 clvr.
611 286 662 335 4,
694 286 750 325 22
786 282 903 326 male

131 341 284 386 editur
301 354 442 398 quam
467 335 681 385 ἐπίτασιν
698 341 900 396 vocant).

129 399 292 445 Simon
342 398 686 456 s.„epit}1esis
744 412 902 456 super-

128 458 301 515 positio
373 457 712 503 Demosthenes
782 458 900 503 etc.“

130 517 334 563 Pseudo-
345 517 448 561 Sor.
487 530 602 573 resp.
644 521 730 561 194
767 517 903 572 (Rose

128 577 302 621 Anecd.
358 576 449 630 II,
496 577 611 632 267)
666 574 788 628 Quid
833 578 905 621 est

130 634 355 691 epithesis
365 640 386 679 ‘1‘
402 633 726 691 superpositio.
747 649 902 691 super-

129 693 304 751 positio
349 692 550 738 accessio
598 692 902 750 aegritudinis

131 754 205 797 est
227 753 303 798 vel
322 753 477 797 motus
496 751 718 796 vitiorum
735 755 783 797 et
804 752 902 809 agi-

128 810 249 856 tatio
288 825 532 856 causarum
563 811 871 857 earundem..
891 847 901 857 .

100 863 471 926 ἐπισημασίαι
541 870 588 914 et
654 871 904 927 postquam

129 928 298 986 pepsin
331 928 497 974 fecerit
536 929 780 985 aegritudo
820 929 903 984 (fe-

130 988 246 1044 bris)
270 988 322 1032 id
345 989 418 1032 est
439 990 546 1045 post
568 987 658 1032 IIII
685 987 903 1045 periodos

130 1046 228 1091 sive
251 1047 553 1102 accessioneS,
586 1060 702 1103 quas
738 1047 904 1092 Graeci

132 1105 434 1161 episemasias
473 1107 647 1151 vocant
683 1109 752 1151 58.

101 1217 499 1277 ἐπουλωτικόςε
513 1223 798 1268 extrinsecus
807 1238 905 1268 me-

131 1282 447 1327 dicamentum
471 1282 739 1339 epuloticon
762 1283 903 1336 (—le·

129 1340 278 1386 ticum
314 1355 395 1399 910,
436 1341 719 1386 -lenticum
748 1343 790 1397 c)
824 1355 905 1397 ap-

130 1414 277 1467 pones
314 1400 365 1444 id
403 1401 475 1445 est
511 1400 637 1456 quod
667 1399 827 1444 valeat
854 1399 905 1443 in

132 1458 401 1503 cicatricem
461 1458 628 1503 ducere
689 1463 762 1503 40.
846 1459 904 1512 cf.

132 1516 307 1562 Simon.
335 1531 370 1562 s.
396 1531 454 1575 ep
456 1517 669 1562 ulentum
694 1518 793 1574 (qui
814 1530 906 1574 pro

135 1574 292 1621 Cassio
322 1590 452 1633 quem
473 1578 572 1620 vult
598 1577 712 1621 citat
738 1576 903 1621 Theod.

135 1635 284 1681 Prisc.
310 1649 410 1692 cap.
429 1636 484 1679 de
498 1636 649 1692 ptisi).
679 1634 906 1680 trociscus

112 1694 396 1762 epuloticus
427 1699 485 1738 46
517 1694 593 1750 (cf.
625 1696 715 1749 45).

103 1746 320 1811 «ξ’,ρπειν
330 1747 521 1810 ε’ρπηςε
537 1766 730 1797 araneas
742 1751 908 1797 Graeci

135 1827 164 1856 a
200 1811 427 1868 serpendo
467 1812 591 1868 quod
629 1811 805 1868 herpen
848 1813 907 1868 (9,

136 1870 276 1927 ——pin
308 1872 349 1926 c)
396 1871 613 1927 herpetas
659 1871 906 1938 (herpenas

134 1931 181 1988 9)
228 1929 415 1984 dicunt,
469 1943 555 1974 nos
615 1943 726 1974 vero
781 1929 906 1972 simi-

134 1944 245 2033 liter
303 1987 453 2032 latino
516 2002 725 2033 sermone
787 1987 909 2031 sicut

136 2061 278 2104 supra
338 2047 539 2092 diximus
599 2062 628 2092 a
681 2046 906 2104 serpendo

135 2107 426 2163 serpusculos
467 2106 764 2164 (serpiginem
795 2105 907 2152 Sim.

135 2179 169 2211 8.
214 2167 455 2222 herpetas,
495 2167 553 2220 cf.
586 2166 704 2209 Isid.
737 2169 781 2219 4,
810 2170 856 2218 8,
880 2168 908 2209 5

137 2225 352 2281 serpedo)
372 2224 664 2269 nominamus
690 2229 762 2268 25.
794 2223 910 2268 facit

136 2285 186 2327 et
225 2284 285 2327 ad
323 2283 541 2340 herpetas
580 2283 825 2340 (herbenas
862 2283 908 2339 9)

136 2343 227 2386 hoc
259 2345 330 2386 est
361 2342 650 2410 serpae-culos
682 2346 751 2387 24.

107 2394 470 2458 ἐρυσίπελαςε
513 2400 635 2458 ignis
677 2414 807 2445 sacer
849 2400 909 2445 ab

137 2459 399 2504 invadendo
425 2474 453 2503 a
470 2460 658 2504 Graecis
678 2459 910 2516 erisipilas

137 2521 240 2576 (9⁰10
287 2519 399 2574 „sed
444 2519 617 2563 Grecus
671 2518 910 2575 erisipelas

139 2577 282 2622 dicit“
305 2577 436 2633 Sim.)
461 2577 740 2634 appellatur,
766 2577 910 2633 siqui—

139 2636 246 2680 dem
257 2636 414 2681 vicina
426 2635 517 2680 sibi
530 2638 632 2681 loca
646 2636 909 2682 invadendo

138 2695 379 2751 possideat
406 2700 463 2739 24
495 2696 631 2751 (unde
662 2696 834 2742 Isidor
867 2699 909 2750 4,

110 2790 629 2871 ἐρυσιπελατώδηςε
666 2814 848 2858 tumor.

799 1107 905 1151 item

1014 237 1119 267 cum
1148 224 1315 269 rubore
1345 225 1447 282 igni
1475 240 1606 271 sacro
1638 227 1777 272 simu-

1014 282 1144 326 lante
1174 283 1299 338 quod
1322 282 1488 328 Graeci
1513 285 1781 342 herisipela-

1012 341 1146 385 todes
1169 342 1233 398 (9)
1256 344 1428 387 vocant
1450 348 1522 387 36.
1578 343 1649 388 sin
1671 357 1780 389 vero

1012 398 1410 456 heresipelatodes
1458 401 1630 446 fuerint
1682 417 1779 447 car-

1013 458 1204 525 bunculi
1232 458 1282 503 id
1305 461 1376 504 est
1399 473 1504 504 cum
1534 461 1700 506 rubore
1731 463 1785 505 ut

1012 516 1063 560 ιιι
1107 515 1264 562 vicina
1321 519 1456 575 parte
1504 519 1594 563 sibi
1637 519 1785 565 veluti

1014 574 1138 632 ignis
1161 590 1291 621 sacer
1314 577 1583 622 ostendatur
1605 582 1678 623 22.
1725 578 1782 632 cf.

1013 635 1148 679 Alex.
1179 649 1254 691 ap.
1286 635 1398 681 Sim.
1428 649 1464 681 3.
1494 650 1535 680 v.

986 688 1222 752 ἐσχάραι
1277 708 1382 739 οιιιιι
1429 709 1586 740 escara
1639 697 1785 752 (scara

1018 753 1090 808 cp)
1130 766 1273 809 quam
1311 767 1395 798 nos
1434 755 1635 798 crustam
1673 754 1786 798 dici-

1016 824 1119 855 mus
1152 816 1223 856 67.
1271 826 1413 868 quam
1442 811 1522 856 diu
1546 826 1594 857 se
1626 826 1786 857 escara

1014 869 1142 914 levet
1169 870 1219 914 id
1251 871 1322 914 est
1344 872 1499 916 crusta
1530 875 1600 918 68.
1658 885 1787 917 scara

1017 929 1095 972 lat.
1120 929 1256 973 etiam
1277 942 1308 986 9
1331 934 1387 973 22
1413 930 1689 986 (membrum
1715 964 1725 974 .
1744 964 1753 973 .
1775 965 1784 974 .

1015 987 1215 1032 inuritur
1243 989 1292 1032 et
1319 988 1578 1033 ulceratum
1609 1002 1787 1034 scaram

1014 1045 1148 1102 facit)
1178 1050 1256 1091 etc.
1306 1047 1364 1100 cf.
1389 1046 1549 1092 Simon
1570 1061 1604 1092 s.
1630 1060 1786 1092 escara

1016 1106 1082 1159 (..
1110 1103 1271 1150 ..Cass
1311 1106 1390 1150 Fe.
1438 1120 1571 1150 scara
1606 1107 1637 1150 ι.
1686 1120 1785 1150 cru-

998 1163 1174 1232 stula).
1232 1163 1350 1208 Cael.
1389 1165 1783 1220 chr.5,16—18.

985 1215 1375 1282 ἑτεροκρανὶαι
1438 1223 1612 1280 dispari
1666 1225 1788 1268 tem-

1015 1294 1180 1337 porum
1233 1281 1404 1337 dolori,
1458 1295 1567 1326 nam
1621 1280 1787 1326 Graeci

1017 1339 1386 1384 etherocraniam
1417 1341 1504 1397 (90)
1543 1343 1713 1386 vocant
1745 1346 1787 1386 1.

1018 1398 1075 1453 cf.
1102 1397 1282 1443 dolores
1306 1398 1618 1443 heterocranii
1634 1399 1787 1444 Marc.

1010 1469 1060 1514 p.
1103 1461 1186 1514 38,
1226 1457 1596 1502 heterocraniam
1627 1472 1677 1515 p.
1711 1462 1786 1503 39.

1021 1515 1140 1561 Cael.
1166 1516 1258 1562 chr.
1286 1522 1326 1572 1,
1350 1521 1379 1560 4
1409 1517 1486 1561 vel
1517 1518 1641 1562 certe
1671 1519 1787 1562 tem-

1016 1589 1182 1632 porum
1213 1575 1380 1631 (dolor)
1412 1589 1550 1631 quem
1580 1575 1788 1620 dolorem

1018 1633 1277 1706 crotaphon
1310 1634 1393 1690 (sic
1414 1635 1500 1689 ed.)
1532 1633 1786 1690 appellant.

1006 1693 1084 1737 sic
1106 1696 1147 1736 et
1170 1687 1603 1750 (ἕτεροφθαλμία),,
1608 1693 1786 1737 ethero-

1015 1751 1201 1795 ftalmia
1253 1751 1414 1795 Demo.
1470 1753 1542 1796 est
1594 1751 1784 1795 alterius

1018 1809 1142 1854 oculi
1155 1810 1213 1853 ab
1228 1810 1375 1854 altero
1388 1809 1604 1855 differens
1618 1809 1788 1854 color“.

990 1861 1256 1926 εύχυμοςτ
1297 1870 1367 1913 est
1403 1882 1604 1925 namque
1642 1868 1789 1912 bonus

1018 1928 1184 1972 humor
1213 1928 1288 1972 lac
1319 1927 1442 1983 quod
1466 1926 1632 1972 Graeci
1663 1926 1788 1972 euxi-

1018 2000 1130 2031 mon
1162 1988 1262 2043 (912,
1303 1986 1503 2043 eupinon
1541 1987 1580 2041 c)
1618 1988 1791 2030 vocant

1020 2050 1075 2090 29
1124 2046 1252 2101 (Sim.
1300 2045 1508 2090 eukimos
1557 2044 1658 2089 Cas.
1710 2044 1788 2089 Fe.

1019 2104 1168 2149 bonus
1199 2105 1394 2159 humor).

990 2158 1235 2220 ἐφελκὶςε
1282 2163 1450 2207 iterum
1495 2162 1789 2206 resolvuntur

1022 2222 1213 2279 (ulcera)
1271 2224 1319 2266 et
1365 2222 1413 2266 ιιι
1475 2220 1648 2266 orificio
1702 2220 1787 2265 ali-

1022 2281 1206 2337 quando
1283 2279 1558 2325 certidiones
1635 2279 1790 2335 (corti-

1022 2340 1197 2394 ciones,
1238 2344 1465 2384 —zones?
1512 2339 1571 2392 cf.
1619 2339 1788 2392 adnot.)

1021 2399 1287 2454 ostendunt,
1311 2411 1425 2454 quos
1449 2395 1613 2441 Graeci
1636 2396 1789 2440 efelci·

1022 2458 1106 2502 das
1137 2458 1308 2502 vocant
1338 2461 1408 2500 20.

992 2512 1206 2574 ἐφηλὶςε
1267 2515 1473 2559 maculas
1525 2512 1682 2569 nigras
1740 2512 1789 2555 in

1022 2576 1156 2620 vultu
1201 2573 1385 2618 feminis
1438 2586 1493 2616 ex
1547 2569 1786 2615 abortione

1020 2632 1319 2691 praecedenti
1379 2632 1526 2675 factas
1579 2629 1654 2673 vel
1708 2628 1787 2672 ad-

1021 2693 1202 2737 ustione
1271 2690 1379 2736 solis
1450 2702 1563 2743 quas
1625 2685 1789 2732 Graeci

1022 2750 1260 2808 ephelidas
1292 2752 1360 2806 (9,
1393 2747 1586 2792 efelidas
1618 2760 1654 2800 c,
1692 2745 1787 2790 effi-

1020 2811 1140 2854 lidas
1170 2812 1225 2866 p)
1263 2809 1431 2853 vocant
1470 2811 1510 2850 9.
1573 2805 1632 2849 ad
1675 2802 1788 2847 solis
