2004 3186
842 109 1243 161 —247—

181 224 462 272 obmittere
486 227 577 282 (ΡΟ,
601 224 815 269 amittere
831 226 872 280 c)
890 223 988 278 ani-

214 298 343 328 mam
378 290 448 329 64.

181 343 486 399 obripilatio
518 343 603 399 (qo,
647 340 888 397 oripilatio
911 342 988 397 p):

217 402 397 446 dolores
439 401 647 446 sentiunt
692 401 989 457 aegrotantes

217 474 322 504 cum
349 459 678 517 obripilatione
703 494 711 503 .
741 494 750 504 .
779 492 789 502 .
814 463 856 502 et
885 470 991 503 moa:

215 533 323 563 cum
362 519 523 564 dolore
565 520 614 563 et
661 517 989 574 obripilatione

216 583 269 622 21
303 579 442 635 (quod
463 578 518 622 in
539 577 692 622 eadem
713 577 768 621 de
790 577 986 621 internis

214 637 553 682 collectionibus
561 636 871 692 disputatione
880 649 987 679 cum

214 695 369 752 rigore
408 696 459 740 et
495 696 684 752 torpore
714 693 888 751 frigido
919 695 988 738 ait

218 753 336 799 Cael.
362 755 456 800 chr.
487 758 530 810 5,
562 758 634 798 94.
681 753 739 808 cf.
773 757 830 798 95
860 753 989 810 rigor

214 813 421 870 corporis
446 813 587 869 atqw
609 814 815 868 tremor).
856 813 989 856 cuius

214 872 426 916 vocabuli
462 884 558 916 non
594 872 690 916 m'si
720 871 858 915 medii
888 873 990 915 aevi

212 931 488 988 scviptorum
529 931 733 987 exempla
771 934 987 986 prostant

214 990 342 1046 apud
364 989 448 1033 Du
472 988 624 1046 Ganye
646 1003 681 1034 s.
707 989 986 1045 obrepilatio

212 1053 258 1092 ct
293 1061 329 1093 s.
363 1048 656 1105 obripilatio,
697 1048 878 1102 confusi
914 1048 987 1092 in-

215 1120 351 1163 super
367 1121 469 1152 oum
483 1106 837 1164 horripilatione
859 1105 986 1163 (Sap.

217 1166 464 1221 Sirac.27,
492 1171 546 1210 14
570 1166 757 1222 loquela
786 1165 988 1209 multum

214 1224 372 1268 iurans
401 1224 805 1294 horripilationem
843 1224 989 1295 capiti

214 1284 392 1328 statuet
434 1304 490 1321 =·-
533 1281 670 1328 λαλια-
722 1280 988 1339 πολυόρκου

215 1338 423 1396 ὄρθ’ὥσει
452 1343 623 1414 τρίχας.
672 1343 728 1396 cf.
761 1342 846 1385 Du
878 1341 926 1386 0.
951 1355 987 1385 s.

185 1397 875 1516 ozgeffleaegssqgffit‘iiigzk
909 1459 989 1503 ob-

217 1518 495 1563 servandum
527 1517 670 1563 etiam
702 1519 750 1562 et
773 1532 802 1562 a
839 1531 990 1562 come-

217 1577 371 1621 stione
396 1577 532 1622 laotis
563 1582 601 1621 1.
651 1577 992 1621 observandum

219 1635 279 1679 ab
320 1635 533 1679 omnibus
569 1634 754 1692 frigidis
786 1640 857 1679 31.
911 1634 991 1679 ob-

219 1694 496 1739 servandum
527 1695 684 1738 autem
715 1707 744 1738 a
776 1694 991 1738 carnibus

220 1757 290 1797 71.
325 1779 380 1784 —
413 1753 659 1797 observare
695 1754 940 1809 aegrotum
963 1767 993 1796 a

218 1812 329 1856 vino
362 1816 438 1868 21,
472 1826 501 1856 a
533 1811 827 1856 salsamentis
860 1815 931 1855 54.

190 1870 421 1916 obtrusio
460 1868 708 1927 (ἔμφραξις
737 1871 795 1925 cf.
831 1869 990 1926 Cael.):

164 1974 170 1979 ·
219 1928 994 2045 Effifflffifflffimotfflffluss'

220 2047 482 2092 ostrusione
565 2023 616 2101 ε’,
705 2023 994 2092 obstrusione

224 2106 454 2163 Petro‘no.)
499 2105 628 2150 facta
672 2109 744 2149 28.
806 2106 869 2150 ad
914 2106 993 2150 ob·

219 2165 450 2209 trusiones
472 2178 531 2209 sc.
550 2166 733 2208 aurium
751 2166 820 2221 (p,
844 2165 992 2209 ostru-

151 2257 153 2259 -
223 2223 377 2268 siones
408 2225 447 2279 c)
477 2224 538 2267 ib.
572 2227 642 2267 28.
714 2223 775 2268 ad
811 2223 994 2268 conclu·

222 2281 403 2327 sionem
426 2282 522 2326 sive
543 2282 882 2328 obstrusionem
906 2284 996 2339 (cp,

224 2340 518 2385 obtusionem
572 2343 647 2398 ΡΟ)
710 2343 863 2399 epatis
921 2346 993 2385 44.

223 2399 382 2443 vesica
407 2435 416 2445 .
442 2435 452 2445 .
482 2434 492 2444 .
517 2400 709 2444 obtrusa
761 2400 996 2456 (obstrusa

223 2459 298 2514 φ)
327 2462 399 2503 46.
447 2458 647 2515 spongia
670 2492 680 2503 .
708 2494 717 2504 .
745 2493 754 2502 .
778 2459 996 2516 podicem

224 2515 446 2561 obtrudes
470 2530 525 2573 cp
542 2521 613 2562 51.
647 2531 868 2562 cavernas
889 2518 998 2562 lana

225 2575 446 2620 obtrudes
456 2576 718 2630 (obsti-udos
735 2590 773 2630 c,
790 2577 1001 2622 obsti-nes

195 2636 433 2737 0²1⁰»)t1313sio
471 2692 599 2737 visus
637 2706 668 2750 9
705 2698 776 2738 29.
810 2699 867 2738 42
902 2694 1000 2751 (ob-

225 2754 358 2796 tusus
389 2751 517 2796 visus
548 2757 627 2807 29,
665 2757 718 2797 ut
757 2754 1000 2797 contusam

225 2823 255 2867 9
285 2813 361 2867 40,
390 2811 468 2855 sed
497 2810 644 2867 simpl.
677 2811 839 2856 tunsus
865 2825 895 2869 9
919 2816 998 2857 29.

1109 228 1190 278 42,
1212 226 1344 268 tusus
1367 237 1438 281 cp,
1461 225 1558 269 nisi
1578 225 1699 281 quod
1720 227 1883 271 tunsus

1110 284 1246 327 etiam
1277 295 1332 339 cp
1354 286 1429 328 48.
1455 286 1538 337 55,
1570 283 1749 328 obtusis
1777 298 1801 328 c
1826 290 1882 329 63

1110 341 1193 386 ubi
1235 342 1416 455 o)ptusis
1453 355 1515 398 p,
1554 341 1753 398 pumicis
1791 343 1886 388 tusi

1082 458 1352 505 obuncatio
1382 458 1612 516 ‚unguium
1643 464 1714 504 40.

1082 518 1362 622 oggffllatus
1402 523 1427 562 7
1470 518 1544 573 (cf.
1582 518 1888 564 occallescere

1184 579 1237 632 s)

1077 635 1353 681 oenomelit
1409 636 1611 680 mulsam
1666 651 1723 681 ex
1773 636 1884 680 vino

1106 695 1247 739 melle
1270 696 1534 751 temperato
1561 709 1702 751 quam
1728 695 1887 752 appel·

1106 754 1209 798 lant
1226 752 1392 798 Graeci
1407 753 1474 809 i(y
1482 754 1736 810 p)nomel(l
1751 754 1887 809 c)itos

1106 817 1179 857 49.
1212 811 1338 868 quod
1362 812 1628 869 appellatur
1653 827 1682 856 a
1699 812 1888 857 Graecis

1111 871 1436 916 cionomelitos
1468 872 1645 928 (deser.)
1680 877 1751 916 61.
1810 873 1888 929 (cf.

1106 930 1267 974 vinum
1299 930 1502 973 mulsum
1533 934 1607 975 49.
1642 934 1695 975 71
1729 931 1812 975 ubi
1843 935 1891 975 et

1107 1002 1232 1046 aqua
1263 989 1416 1033 mulsa
1447 990 1561 1044 etc.).

1078 1058 1343 1104 oesypum:
1398 1061 1506 1092 cum
1561 1061 1731 1104 oesypo
1781 1048 1887 1104 (ubi

1106 1107 1224 1151 male
1259 1105 1390 1163 isopo
1431 1119 1486 1163 cp
1516 1119 1608 1163 pro
1637 1106 1774 1164 isipo)
1810 1111 1880 1150 14.

1079 1164 1348 1210 omfacium
1380 1166 1440 1222 (9,
1472 1179 1667 1210 ——ceum
1694 1178 1730 1220 c,
1765 1179 1882 1210 —cu

1101 1225 1157 1281 p)
1218 1224 1374 1268 oleum
1434 1200 1730 1280 (ὄμφάκινον
1783 1224 1888 1268 Gal.

1114 1282 1259 1339 Orib.)
1296 1288 1335 1326 1.
1384 1296 1439 1326 ex
1462 1282 1568 1327 oleo
1597 1280 1798 1328 omfacio
1831 1284 1889 1339 (c,

1111 1341 1344 1385 omfacino
1368 1343 1424 1397 p)
1460 1346 1528 1386 61.
1565 1367 1620 1374 ——
1653 1341 1887 1386 omfacion

1110 1401 1204 1456 (90,
1245 1399 1491 1444 omfatium
1522 1402 1577 1458 p)
1616 1400 1666 1444 in
1695 1400 1886 1458 potione

1110 1459 1274 1503 datum
1291 1463 1347 1502 42
1367 1459 1639 1515 (omfaoium
1659 1462 1891 1516 01047).-

1119 1513 1392 1575 ὄμφοὶκινον
1409 1517 1514 1564 Gal.
1532 1519 1722 1575 (eupor.)
1741 1518 1830 1561 XI
1838 1518 1892 1572 V,

1116 1580 1207 1621 315
1233 1577 1308 1632 (=
1328 1575 1633 1632 Orib.eup.4,
1657 1581 1683 1620 1
1703 1590 1753 1633 p.
1777 1553 1892 1631 685)

1115 1656 1173 1672 =
1198 1635 1352 1679 oleum
1374 1635 1599 1692 gremiale
1633 1635 1714 1679 Th.
1743 1635 1889 1680 Prisc.

1110 1693 1176 1748 H,
1217 1698 1266 1747 2,
1308 1698 1331 1737 1
1365 1707 1416 1750 p.
1452 1697 1544 1738 440.
1601 1695 1657 1748 cf.
1691 1695 1789 1739 ind.
1825 1694 1889 1739 ad

1110 1752 1314 1796 Anthim.
1350 1755 1426 1797 67.
1460 1757 1536 1797 68.

1083 1810 1290 1868 operari
1321 1811 1525 1868 (wirken)
1555 1824 1702 1868 saepe,
1733 1815 1787 1855 ut
1814 1816 1894 1856 40.

1112 1870 1306 1914 mirifice
1324 1873 1575 1927 operantur
1598 1875 1670 1914 44.
1710 1870 1895 1927 magni-

1115 1929 1201 1973 fice
1234 1931 1457 1986 operatur
1487 1933 1559 1974 48.
1612 1928 1896 1974 mirabiliter

1119 1990 1339 2044 operatur
1372 1993 1427 2032 76
1460 1992 1539 2033 etc.

1085 2046 1341 2103 operatio:
1367 2047 1637 2104 (contingit)
1663 2047 1762 2091 sine
1779 2059 1888 2104 ope-

1113 2105 1293 2150 ratione
1326 2105 1447 2150 effioi
1478 2107 1672 2163 (partes)
1704 2109 1777 2150 54.

1085 2164 1350 2221 oppressio
1368 2164 1525 2208 subita
1541 2169 1612 2208 65.
1639 2164 1893 2221 (oppressio

1116 2223 1345 2268 stomachi
1382 2224 1472 2279 42.)

1085 2293 1384 2339 oppressum
1417 2281 1683 2335 cubiculum
1710 2315 1749 2325 ..
1771 2316 1780 2324 .
1806 2295 1888 2337 op-

1113 2355 1328 2398 pressum
1362 2342 1485 2397 (opp.
1509 2341 1794 2395 aestuosum)
1820 2344 1895 2384 64.

1087 2399 1247 2444 oralis
1287 2399 1517 2444 confectio
1547 2404 1620 2443 36.

1086 2458 1320 2504 orarium
1352 2457 1705 2515 (yesichtstuch):
1742 2457 1893 2502 orario

1121 2517 1277 2562 velato
1300 2517 1453 2574 capite
1471 2517 1657 2561 dorsum
1673 2515 1733 2559 ad
1750 2515 1896 2560 solem

1121 2578 1269 2633 ponat
1300 2581 1340 2620 1.

1093 2646 1270 2690 oryza:
1314 2634 1454 2679 orizia
1492 2635 1602 2690 (pro
1638 2633 1802 2689 oridia)
1833 2646 1894 2689 qp

1123 2694 1222 2748 (ubi
1252 2693 1377 2738 oriza
1407 2695 1448 2750 c)
1486 2698 1524 2738 1.
1573 2693 1630 2747 cf.
1663 2691 1809 2736 oridie
1839 2704 1894 2746 cp

1121 2757 1179 2797 48
1205 2753 1264 2808 (et
1284 2753 1385 2798 sim.
1410 2752 1459 2796 dj
1485 2772 1541 2789 ---
1568 2766 1590 2794 z
1620 2750 1895 2795 certidiones

1120 2824 1267 2867 supra
1288 2824 1324 2856 s.
1344 2810 1601 2855 cortizones
1619 2815 1690 2865 20,
1714 2821 1897 2853 reuma·
