2004 3186
277 513 582 563 Medicorum
621 512 911 562 Latinorum
958 512 1044 576 qui
1093 516 1364 575 supersunt
1411 516 1568 559 aetate
1618 511 1824 569 novissi-

128 603 240 639 mus
280 588 584 652 ultimusque
625 587 756 636 idem
797 587 883 651 qui
922 587 1052 650 typis
1098 586 1372 648 impressus
1413 584 1647 634 oblivioni
1693 584 1825 633 fatis-

128 677 223 728 que
265 662 496 726 eripitur,
537 676 668 710 nunc
701 661 919 725 primum
957 659 1125 724 prodit
1165 658 1412 708 Cassius
1450 657 1641 724 Felix,
1682 659 1826 707 cuius

127 735 400 785 Medicinae
440 749 532 800 „ex
573 736 764 798 graecis
793 734 978 798 logicae
1013 739 1176 782 sectae
1218 728 1540 782 auctoribus“
1578 727 1653 800 (et
1686 747 1826 796 prae-

129 811 274 874 cipue
314 809 497 858 Galeno
543 836 604 843 -
649 808 745 858 vid.
792 808 891 857 ind.
942 801 1088 875 font.)
1129 808 1469 871 conscriptum
1522 806 1598 854 vel
1636 813 1826 871 „trans-

127 879 314 932 latum“
351 882 715 947 breviloquium
757 881 945 931 editum
985 882 1100 946 fuit,
1142 883 1272 930 sicut
1308 880 1495 930 codicis
1531 879 1829 929 Parisiensis

126 963 341 1007 testatur
389 957 671 1021 inscriptio,
715 956 840 1021 „sub
892 955 1100 1004 ardebre
1149 961 1198 1004 et
1245 954 1459 1019 asclepio
1509 949 1831 1019 consulibus“

128 1032 158 1081 i.
216 1045 256 1080 e.
308 1029 506 1094 Calepio
554 1037 602 1078 et
650 1029 894 1079 Artabure
945 1024 1266 1098 (Mommsen,
1323 1028 1512 1078 Zeitzer
1563 1027 1829 1077 Ostertasel

128 1121 172 1154 v.
211 1104 253 1153 J.
293 1101 399 1154 447
449 1102 576 1153 Berl.
618 1103 769 1153 Akad.
822 1100 962 1157 1863
1010 1119 1056 1168 p.
1098 1097 1232 1171 551)
1281 1118 1408 1152 anno
1455 1100 1579 1152 447.
1655 1108 1830 1167 auctor

128 1178 335 1228 Latinus
388 1184 463 1227 est
515 1172 662 1246 („nos
709 1193 827 1227 vero
874 1176 1025 1226 latino
1075 1173 1336 1226 sermone“
1386 1192 1427 1226 c.
1476 1172 1548 1232 25
1597 1182 1689 1225 etc.
1769 1176 1829 1224 cf.

128 1251 229 1302 ind.
262 1246 381 1319 gn),
422 1267 520 1301 non
561 1251 800 1317 GraecuS,
841 1266 1003 1316 neque
1037 1250 1125 1300 ulli
1158 1266 1330 1300 eorum
1366 1251 1453 1315 qui
1483 1250 1617 1299 idem
1648 1264 1830 1299 nomen

130 1332 311 1391 gerunt
360 1320 446 1394 (de
488 1325 670 1375 Cassiis
717 1325 923 1375 medicis
963 1341 1005 1374 V.
1054 1324 1246 1374 Fabric.
1295 1323 1418 1373 Bihl.
1461 1324 1542 1373 Gr.
1586 1322 1674 1388 III,
1722 1321 1830 1373 322

129 1394 289 1468 Harl.)
329 1399 580 1464 putandus
620 1399 775 1465 idem,
826 1400 986 1464 patria
1025 1399 1228 1464 quidem
1266 1400 1513 1463 incertUS‚
1556 1397 1746 1447 scilicet
1788 1398 1831 1446 si

130 1475 321 1523 recenti
346 1473 531 1523 codicis
556 1473 853 1523 Parisiensis
879 1475 1113 1537 scriptori
1130 1472 1253 1522 fides
1269 1468 1613 1539 „Artensis“
1630 1466 1832 1540 (Asten-

131 1544 237 1598 sis‘?
301 1545 580 1597 Cirtensis?
648 1563 762 1597 nam
812 1563 904 1612 pro
955 1547 1216 1596 Ambracia
1267 1549 1470 1612 antiqua
1521 1546 1717 1612 quando
1770 1545 1830 1595 ab

130 1621 337 1671 Arattho
370 1621 446 1670 vel
478 1621 727 1671 Arachtho
760 1621 910 1671 fluvio
943 1621 1182 1686 appellata
1224 1622 1288 1670 sit
1319 1621 1439 1670 Arta
1476 1647 1538 1655 -
1576 1620 1636 1670 cf.
1670 1619 1831 1668 Leake

131 1694 272 1745 Trav.
306 1697 357 1743 in
389 1694 444 1744 N.
479 1695 559 1745 Gr.
594 1695 634 1761 Ι,
667 1693 774 1746 208
809 1723 878 1730 -
913 1710 1013 1744 non
1046 1689 1288 1762 constat),
1334 1695 1418 1743 sed
1453 1701 1612 1744 aetate
1647 1708 1833 1758 suppar
1891 1746 1893 1748 .

131 1769 393 1818 Theodoro
441 1769 695 1818 Prisciano
741 1763 1118 1836 „Vindiciani*)
1173 1764 1312 1817 Afri“
1365 1768 1631 1834 discipulo,
1687 1769 1831 1816 cuius

131 1845 208 1892 uti
239 1842 415 1892 Graeci
447 1843 664 1907 aequalis
697 1842 934 1907 Philagrii
965 1836 1240 1910 (Epirotae,
1274 1842 1334 1891 cf.
1367 1841 1420 1891 E.
1451 1841 1622 1891 Rhode
1655 1841 1831 1890 Rhein.

132 1916 257 1965 Mus,
304 1915 360 1964 N.
393 1915 445 1964 F.
495 1914 589 1981 32,
629 1911 764 1984 336)
813 1915 958 1980 paulo
1010 1917 1210 1964 maioris
1263 1918 1611 1965 auctoritatem
1666 1915 1831 1980 infert,

134 1990 343 2039 fortasse
382 1985 561 2054 „Afer“
599 1996 649 2039 et
687 1991 817 2056 ipse,
864 1996 1036 2054 utpote
1078 1992 1165 2054 qui
1204 1991 1324 2039 citet
1366 1988 1572 2039 herbam
1607 1990 1831 2054 putidam

129 2078 312 2129 „quam
343 2062 527 2112 Punice
561 2063 752 2113 aturbis
789 2059 994 2112 dicunt“
1032 2057 1099 2132 (c.
1132 2061 1225 2129 20,
1270 2063 1330 2112 cf.
1364 2064 1463 2112 ind.
1498 2063 1576 2112 lat.
1612 2079 1648 2112 s,
1683 2065 1831 2112 corti-

131 2151 303 2201 zoneS,
343 2131 546 2205 gelela),
587 2137 867 2187 simillimus
908 2137 1107 2186 dicendi
1146 2152 1327 2201 genere
1365 2137 1528 2191 Caelio
1565 2137 1831 2187 Aur-eliano

134 2210 358 2260 eiusdem
398 2210 582 2260 saeculi
623 2213 785 2276 quinti
823 2210 1015 2260 medico
1058 2211 1294 2261 Siccensi.
1548 2210 1550 2212 ’

282 2283 450 2334 Utitur
490 2285 690 2349 quidem
730 2284 944 2351 CassiuS,
985 2301 1044 2334 ex
1085 2285 1255 2334 Galeni
1295 2284 1450 2350 libris,
1492 2284 1831 2334 celeberrimis

132 2360 400 2422 praecipue
440 2357 537 2407 illis
572 2359 667 2426 „ad
701 2355 1052 2425 Glauconem“,
1093 2359 1180 2408 sed
1220 2366 1276 2408 ut
1311 2359 1498 2408 indicat
1529 2359 1831 2423 praefatiun-

135 2430 244 2480 cula
284 2434 432 2481 etiam
471 2431 581 2481 falsi
621 2432 791 2481 Galeni
822 2434 1019 2481 novisse
1052 2433 1249 2482 videtur
1288 2432 1592 2497 Euporiston
1632 2432 1830 2496 librum,

135 2506 222 2569 qui
262 2521 415 2570 quum
455 2508 726 2570 genuinum
759 2506 930 2557 Galeni
967 2522 1093 2571 opus
1134 2501 1292 2575 (quod
1326 2509 1444 2556 citat
1476 2508 1582 2571 ipse
1617 2506 1834 2555 Galenus

135 2577 201 2644 X,
242 2574 377 2647 955)
425 2579 795 2629 desideraretur
840 2582 938 2629 iam
988 2579 1316 2632 ab,Oribasio
1364 2582 1416 2630 in
1462 2581 1621 2645 ipsius
1669 2579 1832 2643 Eupo·

135 2653 295 2701 riston
327 2654 630 2717 praefatione
664 2647 825 2722 (Orth.
858 2653 918 2718 V,
959 2651 1066 2703 559
1100 2649 1259 2722 Dan),
1301 2653 1393 2703 sub
1428 2653 1598 2703 Galeni
1633 2656 1832 2703 nomine

135 2725 300 2775 editus
333 2727 426 2776 fuit
458 2725 673 2776 Oribasii
705 2742 852 2777 causa
885 2735 998 2792 post
1023 2726 1308 2778 Oribasium
1340 2721 1415 2796 (et
1447 2730 1623 2776 mortis
1655 2726 1834 2776 Iuliani

258 2868 300 2925 *)
334 2869 391 2913 de
424 2883 515 2925 quo
549 2869 605 2914 cf.
639 2869 812 2915 Anecd.
838 2869 903 2925 ΙΙ,
939 2874 1038 2916 177.
1094 2870 1288 2914 Hermes
1312 2870 1444 2924 VIII,
1477 2874 1547 2914 42.
