2004 3186
659 512 931 557 Codicum
970 510 1140 567 signis
1177 512 1310 555 utor
1346 508 1460 555 his:

220 649 250 693 9
282 657 337 673 =
369 635 463 680 cod.
496 635 543 680 S.
570 634 699 679 Galli
720 638 811 679 105
842 634 1036 678 membr.
1061 645 1181 678 saec.
1210 631 1289 688 XI,
1321 631 1402 687 qui
1432 630 1577 676 habet
1605 631 1722 677 folia
1751 637 1805 677 21
1841 635 1908 689 (et

312 694 536 751 scriptore
568 692 798 738 Germano
831 694 879 737 et
910 693 1185 745 correctore,
1217 691 1275 735 cf.
1301 704 1338 734 c.
1365 694 1422 734 38
1446 703 1636 747 wormo,
1668 692 1774 748 spat
1797 693 1906 748 etc.)

310 754 556 809 compacta
601 766 706 797 cum
753 751 1060 808 praecedente
1108 748 1304 806 Sulpicii
1351 748 1510 794 Severi
1556 749 1715 795 codice
1753 766 1786 795 s.
1826 751 1905 795 IX.

309 811 503 856 lacunae
543 813 650 855 sunt
688 812 887 867 septem,
928 823 1123 866 quarum
1163 808 1363 865 septima
1397 807 1588 852 alterius
1617 808 1728 853 libri
1756 809 1906 866 partis

310 884 346 914 c.
380 874 587 915 43—82.
632 869 871 925 inscriptio
896 868 1025 912 nulla
1054 881 1205 923 neque
1229 866 1522 923 subscriptio,
1552 866 1644 912 nisi
1671 868 1795 924 quod
1820 867 1907 912 sub

308 928 477 973 ultima
507 927 632 972 linea
662 926 765 972 folii
794 926 950 971 ultimi
982 939 1103 983 quae
1134 925 1369 983 adscripta.
1409 925 1598 971 fuerunt
1630 926 1821 983 (nullius
1852 928 1907 971 ut

309 987 446 1031 credo
476 986 719 1042 momenti)
754 999 876 1030 nunc
908 999 1042 1030 erasa
1073 987 1195 1030 sunt.

218 1058 242 1092 c
274 1067 328 1082 =
361 1047 455 1091 cod.
498 1044 760 1101 Gantabriq.
803 1044 886 1100 Gy.
927 1045 1043 1087 III.
1084 1048 1146 1090 32
1187 1044 1333 1088 chart.
1397 1058 1513 1089 saec.
1565 1043 1650 1088 XV
1694 1043 1769 1100 (de
1813 1057 1906 1099 quo

306 1104 400 1148 vid.
434 1103 710 1161 catalogum
751 1103 883 1148 codd.
917 1101 1133 1148 Cantabr.
1166 1116 1307 1160 supra
1337 1102 1455 1160 cit.),
1492 1101 1574 1147 ubi
1607 1102 1639 1147 f.
1674 1106 1756 1147 94⁸
1787 1101 1905 1159 „Ex-

306 1162 443 1219 plicit
486 1163 634 1219 casius
681 1162 837 1207 felix“.
893 1162 955 1207 ad
999 1161 1208 1218 initium,
1255 1161 1339 1206 ubi
1382 1161 1522 1206 index
1559 1175 1691 1219 capp.
1734 1166 1789 1206 81
1838 1161 1907 1218 (in

303 1223 435 1266 textu
471 1222 569 1277 82),
599 1220 843 1277 inscriptio
873 1221 1017 1267 nulla.

210 1294 247 1339 p
279 1301 335 1317 =
367 1281 462 1324 cod.
512 1280 667 1325 Paris.
716 1281 794 1326 lat.
835 1284 955 1324 6114
1001 1293 1061 1324 sc.
1108 1279 1259 1323 altera.
1303 1292 1410 1336 pars
1454 1279 1648 1323 membr.
1697 1293 1731 1323 s.
1780 1277 1904 1334 XIII,

309 1352 427 1395 quae
460 1353 564 1383 cum
595 1338 690 1384 alio
722 1339 926 1395 quodam
956 1338 1114 1384 codice
1144 1338 1360 1396 praeced.
1390 1340 1635 1394 compacta
1666 1339 1738 1382 est
1768 1351 1904 1395 argu·

305 1397 452 1442 menti
474 1397 687 1442 historici
710 1412 744 1442 s.
769 1397 995 1442 XI—XII
1026 1399 1135 1454 (quo
1156 1397 1422 1442 continetur
1451 1396 1771 1452 „Breviarium
1794 1395 1906 1440 Rufi

308 1456 478 1512 Festi“,
510 1457 568 1500 de
599 1470 691 1513 quo
716 1472 760 1502 v.
785 1457 858 1502 ed.
883 1456 957 1501 W.
982 1457 1196 1502 Foerster
1226 1456 1363 1500 Vind.
1399 1460 1534 1512 1874,
1567 1457 1616 1499 et
1647 1455 1816 1512 „Liber
1847 1455 1905 1499 de

307 1515 467 1560 ordine
512 1516 802 1572 temporum“
845 1516 875 1560 i.
918 1530 957 1560 e.
1002 1515 1206 1560 Annales
1244 1514 1668 1560 Hildesheimenses
1706 1520 1822 1570 qu'os
1861 1527 1902 1559 a.

310 1578 422 1618 1641
466 1587 521 1618 ex
560 1575 648 1619 hoc
687 1574 847 1619 codice
886 1574 1034 1619 edidit
1071 1575 1145 1618 Du
1177 1574 1356 1619 Chesne
1392 1577 1427 1618 t.
1459 1573 1537 1617 ΠΙ.
1573 1588 1618 1630 p.
1653 1577 1902 1617 504-539.

308 1631 363 1676 cf.
396 1633 532 1676 Pertz
565 1632 729 1690 Script.
755 1633 821 1677 III
844 1649 889 1690 p.
920 1639 972 1678 19
998 1648 1064 1690 sq.
1112 1635 1161 1678 et
1182 1647 1305 1677 nunc
1327 1631 1484 1677 Waitz
1513 1631 1563 1676 in
1586 1632 1730 1689 praef.
1755 1644 1906 1676 novae

306 1691 376 1735 ed.
421 1691 530 1736 min.
589 1692 739 1737 Hann.
790 1694 921 1748 1878)
972 1692 1021 1736 in
1062 1693 1151 1736 hac
1194 1692 1346 1737 altera
1385 1692 1521 1748 parte
1562 1690 1831 1736 medicinali
1872 1690 1903 1734 f.

307 1754 497 1794 70—90
534 1764 676 1795 manu
714 1750 879 1796 Italica
917 1751 1179 1807 litterisque
1217 1749 1409 1795 minutis
1443 1749 1492 1794 in
1522 1749 1645 1794 binis
1679 1749 1905 1795 columnis

306 1809 481 1865 scripta
509 1809 729 1854 habetur:

455 1881 618 1927 Cassii
684 1882 854 1927 felicis
924 1883 1143 1927 artensis
1212 1882 1457 1928 medicine
1518 1882 1651 1928 loice

454 1942 588 1986 secte
634 1940 694 1984 de
739 1952 892 1995 greco
938 1941 993 1984 in
1045 1941 1259 1985 lat-inum
1312 1942 1447 1986 liber
1491 1942 1657 1988 trans·

452 1998 605 2044 latus.
646 1998 738 2043 sub
769 1998 981 2043 ardebre
1014 2001 1065 2043 et
1095 2000 1316 2056 asclepio
1347 2000 1654 2045 consulibus.

452 2057 712 2114 Incipiunt
742 2057 967 2114 capitula
996 2057 1146 2102 huius
1176 2057 1320 2103 libri.
1359 2059 1405 2102 Ι.
1445 2059 1519 2103 ΙΙ.
1558 2059 1658 2103 ΙΙΙ.

307 2132 563 2186 sequuntur
601 2143 719 2187 quae
754 2130 875 2175 infra
903 2130 1125 2188 leguntur
1156 2131 1363 2187 capitula
1393 2136 1450 2175 80
1481 2133 1661 2185 (revera
1691 2131 1765 2185 82)
1797 2145 1903 2175 cum

306 2188 472 2234 ultimo
495 2189 543 2244 (f.
561 2191 661 2246 85²)
681 2204 718 2234 c.
738 2194 792 2235 81
821 2189 918 2246 „De
940 2190 1233 2247 unguentis“‚
1256 2189 1307 2233 id
1322 2191 1394 2234 est
1409 2190 1587 2234 adnexo
1604 2189 1902 2234 Antidotario

307 2261 362 2292 ex
398 2247 539 2292 variis
563 2248 698 2292 libris
730 2250 939 2304 consuto,
972 2249 1111 2305 quale
1140 2248 1307 2292 habuit
1337 2248 1480 2293 etiam
1513 2247 1659 2292 codex
1684 2247 1900 2294 Simonis,

306 2306 477 2350 desinit
492 2306 523 2351 f.
539 2306 620 2351 90¹³
643 2307 869 2375 „Expleto
888 2307 1275 2375 libro-referamus
1299 2306 1475 2364 gratias
1489 2307 1707 2375 christo“.
1734 2306 1901 2352 deinde

306 2366 1429 2490 {ztfflzztffsssserztssatssfflzffl02232355..
1439 2365 1664 2469 afflssmf.
1676 2379 1902 2468 ”333¹ssae

306 2483 404 2538 (ubi
441 2482 490 2526 in
520 2483 609 2527 fine
645 2483 812 2539 „Curia
842 2483 899 2528 de
930 2484 1211 2541 golagmano
1240 2484 1456 2540 promisit
1480 2518 1488 2527 .
1518 2517 1527 2526 .
1551 2483 1607 2528 X.
1639 2482 1692 2539 15.
1718 2483 1903 2528 amadio

305 2555 452 2596 usque
494 2542 554 2586 ad
595 2541 767 2587 festum
809 2543 958 2587 sancti
1001 2543 1093 2587 don
1116 2576 1162 2586 ..
1200 2546 1206 2597 Ι
1240 2542 1454 2587 fid'iussit
1503 2543 1595 2600 gl'a
1635 2540 1730 2587 fih⁹
1778 2542 1902 2587 bona

305 2599 424 2673 gldae
456 2616 500 2659 d'
533 2615 840 2672 galegnano“.
891 2615 1153 2673 Galignano
1183 2630 1326 2673 prope
1359 2618 1598 2661 Anconam
1609 2618 1660 2673 ἲ).
