2004 3186
328 225 474 274 aliud.
528 225 920 290 anagargarisma
953 223 1210 274 ischemon·
1248 224 1545 291 appellatum
1587 223 1637 274 id
1680 232 1756 274 est
1789 239 1868 274 re-

179 300 343 349 tinens
384 300 696 364 sanguinem,
736 299 780 347 si
817 297 945 348 forte
985 298 1045 348 de
1085 298 1310 349 faucibus
1349 305 1434 348 aut
1465 312 1559 347 uva
1590 300 1867 363 contigerit.

178 387 343 422 rosam
383 373 588 438 siccam,
625 373 866 422 senticem
902 371 1132 439 viridem,
1169 379 1378 439 myrtam
1410 370 1640 436 nigellam
1672 373 1869 437 siccam,

179 445 328 511 galias
369 444 674 495 omfacitidas
712 445 888 495 leviter
919 453 1195 512 quassatas,
1236 445 1383 496 simul
1416 446 1578 495 omnia
1618 444 1866 510 decoques

134 531 155 564 5
179 521 230 568 in
261 534 411 584 posca
444 526 493 569 et
532 518 672 568 dabis
704 518 1133 585 gargarizandum,
1173 527 1356 570 aestate
1395 518 1628 584 frigidum
1659 517 1867 568 hiberno

181 593 418 659 tepidum.
448 587 464 660 Η

4 733 165 778 (1⁹.170)
736 725 834 774 XL.
897 725 978 774 Ad
1017 725 1328 791 pthisicos.

327 827 417 878 Est
479 835 645 878 autem
707 828 917 893 pthisica
982 830 1146 894 passio
1209 828 1447 878 ulceratio
1508 827 1756 893 pulmonis
1817 835 1868 878 ct

178 902 394 952 thoracis
435 917 549 952 cum
589 901 866 951 defluxione
908 904 1147 968 corporis.
1211 901 1298 951 sed
1329 901 1461 951 illam
1500 909 1693 952 veteres
1732 902 1866 967 peio-

112 989 154 1021 ιο
178 990 285 1025 rem
332 982 478 1040 atque
528 975 852 1025 insanabilem
906 975 1079 1026 dicunt
1132 990 1258 1041 quae
1313 976 1464 1025 fuerit
1516 975 1763 1040 pulmonis
1819 983 1869 1025 et

179 1049 453 1099 secundum
493 1055 702 1099 aetatem
735 1049 997 1099 iuvenibus
1029 1051 1183 1115 magis
1217 1064 1363 1114 quam
1395 1049 1597 1099 senibus
1634 1055 1865 1115 creatam,

178 1123 423 1188 siquidem
462 1122 690 1173 iuvenilis
723 1130 855 1173 aetas
896 1125 974 1173 sui
1013 1124 1259 1172 servorem
1293 1124 1489 1187 erigens
1527 1124 1579 1172 i'n
1617 1129 1866 1172 tumorem

176 1198 472 1262 putrefaciat
520 1204 570 1261 et
616 1197 836 1247 sordidet
890 1197 1057 1247 ulcera
1111 1212 1262 1262 supra
1315 1197 1459 1246 dicta.
1537 1197 1752 1246 efficitur
1807 1211 1867 1246 ex

178 1271 490 1320 antecedenti
544 1272 797 1336 sanguinis
851 1273 1192 1338 reiactatione,
1250 1285 1397 1335 quam
1451 1270 1626 1319 Graeci
1681 1277 1867 1320 ematos

112 1357 154 1390 15
178 1359 428 1409 anagogen
476 1345 669 1411 dicunt,
717 1351 801 1394 aut
847 1360 939 1410 per
978 1344 1171 1410 longam
1218 1343 1507 1394 tussiculam
1546 1345 1867 1394 reumatizato

175 1417 408 1483 pulmone
434 1425 519 1467 aut
542 1418 759 1483 thorace,
791 1424 875 1468 aut
898 1420 1092 1468 interna
1117 1417 1406 1468 collectione
1436 1432 1583 1483 quam
1608 1432 1864 1484 empyema

177 1491 363 1559 dicunt,
395 1507 507 1541 cum
542 1493 668 1541 forte
695 1507 892 1542 sursum
922 1494 1145 1558 eruperit
1177 1499 1227 1541 et
1249 1493 1452 1541 minime
1483 1496 1574 1557 per
1604 1491 1893 1541 inferiore&

175 1571 343 1630 partes
381 1566 533 1615 fuerit
571 1566 828 1616 desiccata.
903 1568 1130 1631 sequitur
1176 1573 1340 1616 autem
1388 1565 1668 1615 laborantes
1716 1567 1868 1615 totius

177 1641 402 1704 corporis
442 1639 655 1689 defluxio
689 1639 763 1688 vel
797 1655 911 1689 cum
942 1641 1091 1689 nimia
1122 1641 1276 1697 macie
1317 1641 1497 1688 virium
1537 1641 1867 1705 consumptio,

111 1727 154 1759 20
177 1712 415 1762 febricula
458 1715 624 1762 tenuis
663 1709 923 1778 aliquando
963 1715 1091 1779 iugis
1131 1710 1392 1779 aliquando
1431 1712 1866 1779 intercapedinata,

177 1802 323 1852 quam
372 1786 547 1836 Graeci
593 1786 860 1852 dialiponta
906 1794 1102 1854 vocant,
1156 1783 1395 1836 tussicula
1451 1788 1597 1835 etiam
1647 1793 1696 1836 et
1748 1785 1866 1851 fleg-

175 1862 320 1910 matis
367 1862 634 1911 reiactatiO.
712 1860 890 1910 dehinc
941 1862 1195 1927 peiorante
1251 1862 1479 1926 passione
1534 1859 1762 1925 putidum
1817 1867 1867 1909 et

29 1956 57 1987 p
92 1947 154 1980 171
176 1928 513 2002 purullentum
545 1948 696 1999 supra
734 1934 922 1984 dictum
953 1934 1129 2000 flegma
1161 1934 1454 1985 excluditur.
1520 1933 1682 1998 capilli
1721 1935 1868 1983 etiam

299 2091 578 2136 lschemon
606 2105 673 2150 9ο,
706 2091 927 2136 chesmon
950 2106 1001 2148 Ρ.
1154 2091 1421 2136 3senticen
1451 2089 1615 2171 vilridis
1646 2105 1696 2148 9,
1733 2089 1866 2135 sitice

176 2163 324 2210 viride
357 2178 400 2220 c,
443 2165 578 2209 sitice
610 2164 772 2210 viridis
796 2178 847 2221 Ρ.
999 2097 1181 2222 myrta3
1186 2164 1375 2221 (mirata
1406 2178 1444 2219 c,
1475 2178 1577 2208 mra
1601 2165 1655 2220 Ρ)
1688 2164 1865 2221 nigella

177 2223 301 2268 sicca
328 2237 384 2280 yc
413 2225 566 2280 (—-a.m
590 2226 659 2280 Ρ).
811 2228 837 2267 5
869 2222 1063 2268 hiberno
1095 2238 1125 2282 9
1158 2224 1252 2280 (sed
1281 2224 1447 2280 hyeme
1472 2238 1532 2280 Ρ,
1570 2236 1707 2279 yeme
1738 2236 1783 2281 c,
1815 2229 1867 2268 ut

175 2295 320 2339 supra
349 2295 519 2339 semper
548 2284 600 2326 in
629 2284 711 2328 hoc
743 2285 875 2338 οαΡ.).
1055 2288 1079 2327 7
1113 2283 1187 2326 Ad
1217 2282 1423 2340 ptisicos.
1484 2283 1541 2327 ΙΙ.
1577 2293 1678 2335 cap.
1710 2296 1761 2338 9,
1792 2283 1867 2327 Ad

175 2341 368 2397 ptisicos
399 2347 456 2386 40
489 2355 513 2387 e
542 2342 659 2398 (sine
687 2342 812 2386 rubr.
839 2356 897 2398 Ρ,
928 2342 1006 2386 sed
1035 2342 1131 2386 ind.
1159 2355 1196 2398 Ρ
1227 2339 1300 2386 Ad
1331 2341 1558 2398 ptisicos).
1715 2345 1742 2384 8
1775 2342 1865 2399 pti-

177 2400 274 2445 sica.
301 2414 401 2458 9οΡ.
583 2405 608 2444 9
641 2403 844 2446 veteres:
886 2402 1092 2446 veterem
1129 2414 1213 2457 9οΡ
1253 2401 1360 2457 (Ρνο
1394 2402 1575 2444 veteres
1605 2400 1711 2454 fort.
1746 2402 1866 2457 quod

175 2461 340 2504 iterum
375 2460 612 2516 sequitur).
797 2464 850 2503 10
888 2460 975 2506 ins,
1014 2458 1197 2504 dicunt:
1235 2459 1319 2504 ins.
1352 2461 1533 2504 veteres
1572 2459 1736 2504 dicunt
1766 2473 1864 2516 9οΡ.

180 2523 231 2561 11
266 2520 471 2563 creatam
500 2533 550 2576 9;
583 2520 742 2564 creata
773 2532 816 2574 c,
847 2519 961 2562 nata
984 2532 1034 2574 Ρ.
1181 2523 1237 2563 14
1272 2519 1508 2563 amatosc
1484 2531 1519 2563 c.
1668 2523 1721 2562 15
1755 2532 1865 2562 ana-

175 2591 321 2635 goges
351 2591 435 2635 9Ρ,
467 2582 584 2635 —ge
617 2591 654 2623 c.
790 2577 1122 2622 reumatidiato
1152 2592 1227 2635 9ο,
1259 2578 1595 2622 reumatizante
1619 2591 1670 2633 Ρ.
1810 2583 1862 2621 16

175 2636 408 2755 ῗὲηὲίἑῐῗ
423 2651 510 2753 (ξιξ
520 2651 773 2753 ετῖᾒῗιῗωᾶ
795 2651 846 2693 P
880 2699 933 2739 19
966 2641 1388 2740 csililiitsnuilasuttrlilatcie
1407 2650 1669 2740 Υὲἷᾟῐὶῃωὲι
1690 2649 1864 2738 ggcigs

175 2757 276 2811 (om.
310 2757 432 2812 cum)
462 2770 535 2814 9Ρ.
657 2760 714 2800 20
744 2754 1148 2811 intercapedinata
1167 2769 1217 2811 9,
1232 2755 1371 2806 ,inter
1402 2754 1621 2811 capinata
1652 2767 1688 2806 c,
1721 2753 1864 2798 inter-

174 2814 339 2869 polata
365 2829 412 2870 Ρ.
535 2819 591 2858 22
623 2813 840 2871 putidum
871 2827 945 2870 90:
977 2813 1218 2871 putridum
1241 2828 1293 2870 Ρ.
