2004 3186
796 121 1200 174 —213—

186 234 313 290 quod
366 233 633 292 appellatur
687 247 717 278 a
767 232 956 280 Graecis

183 292 505 338 cionomelitos
547 293 632 347 (sic
672 293 745 350 cp)
790 293 955 340 descri-

183 352 308 396 bitwr
339 365 376 398 c.
411 356 482 397 61.

147 402 398 464 ὀνίσκοςε
440 409 609 455 asellos
642 422 759 466 quos
791 408 955 455 Graeci

183 468 364 514 oniscos
403 468 568 514 dicunt
606 471 664 513 28
708 470 810 525 (nos
844 482 954 514 vero

178 527 489 585 porcelliones
578 540 801 573 vocamus
885 529 954 573 ait

182 586 345 632 Simon
373 600 408 632 s.
441 585 666 641 oniscfite,
700 587 758 641 cf.
790 599 825 632 s.
850 600 954 644 por-

180 645 404 690 celliones
483 645 567 690 ubi
638 659 730 702 pro
799 644 955 691 Cassio

178 717 341 751 errans
382 705 496 750 citat
523 703 860 758 Dioscoridem,
899 719 954 750 ea:

180 763 266 807 Th.
287 763 436 808 Prisc.
461 766 586 818 2,14
607 763 643 818 f.
662 762 747 808 45¹³
772 763 954 809 oniscos

166 836 297 893 ‚quos
308 796 618 879 porcelli'ones
629 822 951 879 appellamus).

152 874 395 937 ὀξάλμηε
442 880 493 925 ιιι
537 882 672 926 aceto
720 881 842 926 salso
885 882 954 925 ιιι-

180 939 347 985 fundes
385 939 511 996 quod
542 939 709 985 Graeci
748 940 953 985 oxalmin

184 998 416 1054 (oxasmin
445 1012 515 1056 90,
547 998 764 1044 oxomion
788 1002 842 1056 p)
873 1013 952 1043 vo-

180 1060 291 1102 cant
336 1062 406 1103 20.
481 1071 588 1102 cum
635 1059 767 1102 aceto
813 1057 953 1103 salito

177 1116 417 1173 infundes,
458 1116 583 1172 quod
622 1116 790 1162 Graeci
825 1117 951 1162 oxal-

175 1189 284 1221 men
337 1176 536 1232 (oxalme
576 1189 635 1233 p,
682 1175 866 1221 oxamel
911 1178 951 1232 c)

178 1236 352 1279 vocant
381 1239 454 1279 28.

151 1286 409 1350 (ὀξύτης);
444 1294 492 1338 et
522 1293 630 1337 sunt
658 1292 954 1337 ictericorum

184 1351 438 1396 distantiae
499 1352 641 1407 duae,
702 1366 796 1395 una
848 1365 953 1413 cum

182 1410 432 1466 febricula,
494 1412 543 1454 et
604 1409 915 1481 appellatur
925 1424 955 1454 a

182 1468 371 1514 Graecis
396 1468 543 1514 oxites
561 1469 714 1526 (oxia‘?
738 1463 905 1524 ὀξύτης
915 1470 952 1524 ⁶1²)

179 1528 230 1572 iel
254 1530 326 1573 est
347 1530 499 1584 acuta,
526 1528 678 1572 altera
701 1527 800 1572 sine
823 1527 954 1572 febre

180 1586 402 1631 diuturna
426 1600 545 1643 quae
568 1586 837 1657 appellatur
856 1600 953 1631 cro-

177 1646 299 1691 nites
333 1645 538 1702 (cronia‘i'
582 1642 842 1702 χρονιοτης)
877 1650 948 1689 49.

178 1706 236 1758 cf.
262 1718 298 1750 c.
325 1709 382 1749 30
413 1703 464 1748 ιιι
486 1703 779 1761 aegritudine
812 1704 951 1748 acuta

176 1763 226 1807 id
258 1764 330 1807 est
362 1763 517 1808 celeri.

145 1815 530 1889 ὀξυδερκιοςόςε
564 1835 674 1866 xero
704 1820 950 1878 collyrium

175 1894 346 1925 acuens
393 1880 567 1935 visum,
615 1880 741 1937 quod
784 1879 951 1925 Graeci

178 1939 473 1985 oxidercicon
511 1941 682 1984 vocant
721 1943 776 1983 29
817 1943 859 1984 et
887 1939 948 1984 ib.

175 2012 281 2043 mox
311 1998 573 2044 fomentum
602 1997 749 2042 oculis
781 2011 949 2042 acuens

175 2057 328 2102 visum
370 2058 497 2114 quod
528 2056 694 2102 Graeci
726 2055 949 2102 oxiderci-

178 2130 266 2161 con
318 2117 490 2161 vocant
536 2116 634 2171 (ubi
681 2115 949 2160 oxidorcion

172 2176 244 2221 bis
273 2189 318 2234 9,
352 2174 637 2220 oxidortium
668 2174 815 2231 Sim..)

144 2227 511 2292 ὀξυρόδινον·
575 2234 832 2291 oxyrodino
895 2233 946 2278 id

173 2296 246 2338 est
275 2294 411 2338 aceto
443 2294 492 2338 et
520 2306 714 2338 rosaceo
755 2292 859 2337 oleo
891 2306 947 2337 ex

169 2352 292 2396 lanis
340 2351 512 2396 sucidis
554 2347 843 2396 embrocabis
889 2356 946 2396 33

170 2412 245 2465 (cf.
273 2412 333 2467 1).
375 2411 591 2455 embroce
608 2410 753 2455 uteris
780 2444 790 2454 .
817 2444 827 2455 .
855 2446 864 2455 .
890 2424 947 2454 ex

167 2470 302 2514 aceto
341 2474 389 2514 et
429 2482 642 2524 rosaceo,
684 2469 811 2525 quod
851 2470 947 2514 oxi-

166 2528 365 2573 rodinon
394 2529 565 2572 vocant
596 2533 666 2572 61.
701 2533 771 2573 71.

137 2579 490 2645 ὀρθόπνοιαε
532 2587 581 2631 et
622 2587 842 2644 ortopnia
880 2588 940 2645 (9,

168 2645 360 2690 —tonia
389 2659 435 2702 c,
473 2645 680 2690 —tomia
706 2647 762 2702 p)
800 2645 941 2690 aliter

167 2704 360 2758 dicitur,
393 2705 432 2749 si
463 2703 656 2761 quidem
686 2705 816 2749 recto
841 2718 939 2749 sce-

166 2765 292 2808 mate
345 2763 551 2808 iacentes
611 2762 940 2819 praefocantur

166 2822 349 2880 aegroti
391 2826 462 2867 41.
522 2821 807 2878 ortopnoicis
851 2823 939 2878 (or-

1075 235 1353 281 thomnoicis
1375 238 1416 293 c)
1440 236 1490 281 id
1513 239 1616 283 est
1602 254 1642 283 is
1665 241 1781 298 qui.

1075 297 1203 339 recto
1235 298 1436 340 scemate
1465 295 1670 342 iacentes
1708 278 1837 356 prae-

1074 352 1291 398 focantur
1326 358 1397 399 43.
1778 385 1789 401 ,

1044 402 1196 470 ὀρόςς
1221 425 1326 457 oros
1349 412 1473 457 enim
1496 414 1732 470 sanguinis
1757 417 1839 473 qui

1072 471 1219 516 latine
1267 484 1419 515 serum
1464 472 1728 530 appellatur
1781 481 1838 520 46

1075 531 1215 586 (aqua
1261 531 1331 574 vel
1383 530 1537 586 liquor
1588 532 1718 578 lactis
1762 548 1837 591 ap.

1078 588 1162 634 Th.
1197 588 1345 633 Prisc.
1379 593 1420 633 et
1424 588 1603 659 Cael..)

1045 639 1336 705 οὐρητικὸς
1373 644 1538 703 πόρος·
1583 649 1706 695 circa
1747 652 1838 695 uri-

1073 706 1204 751 nales
1232 706 1333 751 vias
1368 721 1482 763 quas
1514 706 1678 753 Graeci
1707 709 1839 754 uriti-

1074 779 1154 809 cus
1184 778 1324 822 porus
1353 767 1526 810 vocant
1556 770 1612 810 51
1647 769 1721 822 (cf.
1746 771 1836 824 46).

1074 824 1131 878 cf.
1167 823 1285 868 Cael.
1319 824 1408 869 chr.
1442 829 1484 879 5,
1517 829 1573 870 58
1604 830 1681 870 etc.

1045 878 1339 928 παιδικόνζ
1382 882 1574 939 collyrio
1606 885 1838 930 tracoma-

1074 942 1169 986 tico
1216 941 1381 995 uteris,
1427 942 1552 997 quod
1599 944 1839 1000 appellant

1073 999 1271 1056 pedicon
1300 1000 1350 1043 id
1382 1001 1452 1044 est
1482 1001 1659 1057 puerile
1693 1007 1762 1050 29.

1045 1014 1403 1116 παραπληξία
1428 1015 1512 1102 65p
1508 1085 1563 1091 —
1587 1061 1679 1105 vid.
1703 1054 1838 1107 ἀπο-

1074 1116 1292 1187 πληξὶα.

1044 1173 1407 1243 παρέκχυσιςε
1477 1175 1705 1232 epithima
1736 1212 1747 1222 .
1781 1212 1792 1223 .
1825 1215 1834 1224 .

1073 1235 1350 1280 conveniens
1376 1234 1643 1302 hydropicis
1665 1237 1726 1280 ad
1749 1237 1837 1281 dif-

1073 1293 1278 1338 fusiones
1314 1292 1523 1337 humoris
1567 1307 1650 1350 per
1685 1296 1837 1340 totum

1072 1365 1262 1455 ξὲξέξῗέ
1295 1352 1836 1468 31¹2ffaffigssfiffiss⁸¹ssfzsst

1076 1469 1195 1515 Cael.
1228 1470 1318 1514 chr.
1350 1473 1393 1524 3,
1426 1470 1500 1525 97)
1534 1468 1695 1514 dicunt
1727 1476 1795 1516 76.

1046 1527 1303 1586 πάρεσιςε
1367 1526 1439 1572 sin
1499 1541 1608 1573 vero
1660 1530 1836 1586 pax-esis

1075 1587 1290 1644 (parresis
1337 1588 1383 1644 9)
1427 1586 1567 1630 fuerit
1610 1589 1836 1642 stomachi

1069 1645 1120 1689 id
1151 1647 1223 1689 est
1254 1644 1478 1702 paralysis
1508 1649 1579 1688 42.

1043 1704 1386 1761 παρωτίδεςε
1418 1705 1673 1748 nascuntur
1702 1719 1834 1762 paro-

1069 1763 1190 1807 tides
1237 1762 1370 1818 (--de
1412 1763 1451 1818 c)
1495 1762 1616 1807 circa
1655 1764 1835 1808 aurium

1068 1823 1246 1879 partes,
1288 1820 1411 1865 unde
1448 1820 1633 1866 nomine
1666 1836 1833 1879 graeco

1072 1880 1138 1925 sic
1168 1880 1394 1925 vocantur
1426 1883 1495 1923 17.

1042 1938 1302 2053 ποῗὲξέῗὶἶ
1332 1938 1834 2055 fflssffimssffinffissg

1070 2056 1285 2110 calcatis,
1359 2056 1549 2111 patetoe
1623 2058 1835 2113 (pateton

1070 2117 1213 2170 codd.)
1251 2128 1281 2158 a
1311 2113 1501 2158 Graecis
1539 2115 1835 2172 appellantur

1070 2179 1141 2220 33.
1196 2174 1254 2228 cf.
1290 2171 1409 2217 Cael.
1441 2185 1512 2217 ox.
1545 2179 1596 2228 2,
1628 2178 1713 2218 108
1754 2188 1833 2231 ap-

1068 2234 1295 2290 ponentes
1333 2231 1564 2289 palmulas
1603 2247 1717 2289 quas
1751 2245 1831 2290 pa-

1065 2294 1189 2337 tetos
1231 2291 1404 2337 vocant
1445 2291 1681 2336 contritas.
1741 2292 1830 2336 chr.

1067 2356 1109 2406 4,
1142 2355 1228 2395 542
1260 2348 1478 2407 palmulis
1501 2364 1614 2406 quas
1646 2351 1830 2417 patetos

1068 2410 1332 2476 appellant,
1375 2421 1492 2464 quae
1533 2407 1768 2453 concisae.

1067 2467 1245 2513 mederi
1290 2466 1524 2511 valebunt.
1588 2466 1718 2510 Plin.
1761 2441 1830 2518 13,

1061 2532 1118 2571 45
1179 2525 1372 2571 tertium
1403 2559 1414 2570 .
1446 2538 1670 2582 ..genus
1731 2526 1829 2581 (po-

1060 2599 1244 2630 morum
1282 2584 1484 2641 palmae)
1525 2584 1751 2640 patetoe.

1061 2644 1251 2689 calcatis
1314 2642 1502 2687 similes.
1577 2641 1736 2686 Simon
1778 2616 1825 2684 ‘s‘

1058 2702 1235 2760 patitos
1271 2700 1467 2745 dactilos
1499 2701 1669 2745 vocant
1693 2697 1828 2743 Greci

1059 2760 1275 2806 humidos
1306 2759 1596 2816 pinguesque
1619 2762 1696 2803 etc.
1730 2758 1823 2814 (cit.

1060 2820 1182 2874 Gal,
1211 2819 1359 2873 Alex,
1391 2817 1649 2873 Demosth.).
