2004 3186
834 108 1237 161 -172—

339 228 483 279 aliud.
554 231 798 279 trociscus
837 229 1135 279 conveniens
1175 229 1449 295 epilepticis
1500 230 1586 294 qui
1625 243 1739 279 cum
1776 236 1876 282 tre·

190 319 329 355 more
360 302 701 353 membrorum
733 304 1068 352 accessionem
1105 305 1375 368 patiuntur.
1431 304 1616 368 ‘recipit
1651 307 1877 372 castorei,

192 378 437 444 abrotani,
487 377 710 427 radicum
748 378 971 442 panaciS,
1011 378 1231 426 omnium
1268 378 1422 426 trium
1461 373 1496 429 3
1532 376 1646 443 1111,
1691 378 1878 442 piperis

192 450 310 518 albi,
356 458 498 500 rutae
544 451 771 500 hortinae
810 449 844 504 3
883 449 1046 511 binaS‚
1094 453 1229 500 croci
1276 456 1325 499 et
1364 451 1533 515 cyperi
1571 450 1606 505 3
1646 451 1877 516 singulas,

146 534 167 568 5
192 530 331 574 aceto
380 523 581 589 colliges
629 530 679 574 et
724 524 874 573 facies
920 525 1162 573 trociscos
1209 523 1514 573 drachmales
1524 563 1538 589 ‚
1585 539 1645 573 ex
1697 523 1879 589 quibus

191 613 346 647 unum
399 599 452 646 in
504 598 706 663 potione
761 596 921 663 dabis,
975 597 1260 647 habitudine
1313 599 1536 662 corporis
1590 597 1879 648 fortioribus

192 686 305 721 cum
358 672 471 720 vino
526 671 684 720 mulso
740 673 894 736 cyatis
947 670 1066 738 1111,
1117 670 1361 720 debilibus
1414 686 1532 720 vero
1588 686 1701 720 cum
1755 686 1881 736 aqua

191 744 363 794 mulsa.
434 751 631 810 oportet
677 751 842 795 autem
887 746 1134 810 patientes
1178 751 1292 810 post
1338 751 1607 810 acceptam·
1627 746 1879 810 potionem

193 833 412 868 currere.
491 825 540 868 et
593 825 706 884 post
752 818 873 868 haec
922 818 1156 884 epithima
1202 818 1281 868 dia
1328 825 1612 885 spermaton
1665 825 1750 868 aut
1802 819 1882 868 dia

127 901 169 933 10
193 906 424 941 samsucu
464 907 682 957 appones
691 932 706 959 ‚
747 899 796 942 et
836 891 1043 941 sanabis,
1688 931 1691 935 .

342 965 400 1014 ad
434 964 734 1030 epilepsiam.
790 965 1166 1015 hirundininum
1195 965 1385 1032 pullum
1417 965 1476 1015 de
1510 967 1744 1030 primario
1776 966 1882 1016 fetu

193 1038 309 1088 luna
345 1040 506 1104 prima
544 1039 921 1104 apprehendens
960 1041 1174 1107 aperieS,
1221 1046 1272 1089 et
1308 1041 1531 1088 invenies
1570 1036 1791 1105 <lapides
1829 1042 1908 1089 in·

192 1109 400 1177 ventre>
447 1127 603 1162 unum
650 1113 925 1163 formosum
963 1120 1014 1163 et
1052 1113 1200 1163 alium
1244 1112 1571 1162 malefactum.
1634 1120 1684 1163 et
1721 1115 1789 1163 ita
1826 1119 1884 1163 ut

194 1191 380 1235 terram
418 1201 518 1235 non
564 1191 789 1253 tangant,
834 1186 1008 1252 ligabis
1054 1189 1107 1236 in
1154 1186 1280 1252 pelle
1318 1185 1523 1235 vitulina
1562 1193 1647 1236 aut
1686 1188 1884 1236 cervina

129 1268 171 1301 15
197 1266 247 1308 et
283 1260 336 1308 in
376 1258 501 1308 collo
541 1259 626 1309 aut
663 1262 715 1310 in
754 1260 955 1310 brachio
997 1262 1198 1311 sinistro
1239 1260 1527 1326 suspendes,

678 1390 867 1441 LXXII.
930 1392 1010 1442 Ad
1049 1392 1393 1442 lumbricos

344 1493 495 1544 Fiunt
524 1494 602 1544 vel
633 1501 934 1560 generantur
966 1495 1219 1562 lumbrici,
1259 1510 1384 1560 quos
1416 1494 1590 1544 Graeci
1623 1495 1884 1546 elminthas

196 1567 392 1634 dicunt,
430 1567 724 1632 plerumque
759 1584 818 1617 ex
850 1569 1005 1618 multo
1045 1568 1155 1618 cibo
1196 1574 1399 1634 accepto
1435 1575 1519 1618 aut
1556 1568 1884 1634 indigestione

195 1641 458 1706 frequenti.
531 1643 756 1706 sequitur
796 1648 962 1691 autem
1000 1642 1279 1692 laborantes
1318 1657 1516 1691 morsus
1556 1642 1796 1692 stomachi
1835 1650 1885 1693 et

129 1726 172 1756 20
195 1716 382 1764 ventris
428 1714 577 1764 nullis
622 1715 1036 1780 praecedentibus
1084 1718 1245 1766 causis
1255 1755 1270 1782 ,
1317 1722 1367 1765 et
1413 1715 1680 1765 tussiculae
1731 1716 1884 1766 modi-

196 1789 394 1837 cissima
442 1803 501 1837 ex
550 1804 697 1839 causa
741 1795 1057 1856 provocatae,
1109 1791 1269 1839 somni
1320 1790 1468 1839 etiam
1520 1789 1783 1854 flegmatici
1835 1790 1885 1839 id

313 1948 339 1988 2
371 1945 416 1998 Bc
439 1957 506 2001 cp.
629 1949 654 1988 3
679 1945 896 2002 aprotani
924 1960 990 2003 cp.
1112 1946 1243 1992 radic
1267 1960 1334 2003 ep.
1457 1947 1551 1991 οῑῖι
1573 1945 1691 1989 t'um
1726 1931 1764 2000 '3
1797 1946 1887 1990 IIII

195 2017 238 2047 c:
272 2005 345 2048 afi.
376 2005 407 2053 3
436 2003 539 2047 IIII.
564 2017 614 2060 p.
795 2009 824 2048 4
853 2006 956 2050 rute
989 2005 1137 2050 ortine
1167 2010 1197 2057 5
1233 2005 1368 2050 binas
1404 2019 1446 2059 c,
1486 2021 1521 2051 r.
1567 2003 1716 2049 ortine
1747 2005 1886 2049 sumi—

193 2062 343 2106 tatem
375 2065 448 2106 aii.
480 2068 510 2114 3
540 2062 592 2106 11.
624 2076 670 2119 p.
838 2064 957 2108 cocti
999 2079 1021 2117 ῖ
1065 2065 1205 2121 e1p'm
1241 2065 1267 2112 3
1311 2064 1501 2122 singl'as
1541 2078 1586 2110 c:
1630 2066 1681 2108 δῖ)
1710 2064 1886 2121 piperis

196 2124 270 2165 afi.
301 2126 344 2173 5.
375 2121 409 2165 Ι.
435 2135 486 2177 p.
610 2125 636 2164 5
669 2134 774 2165 cum
806 2123 941 2167 aceto
964 2136 1015 2179 p.
1145 2123 1328 2181 colligis
1361 2125 1469 2180 (-ἒ
1499 2123 1539 2174 c)
1577 2137 1644 2179 cp.
1767 2121 1885 2167 facis

197 2180 289 2235 (fac
317 2181 357 2236 c)
390 2193 457 2236 cp.
610 2184 635 2224 6
668 2195 812 2224 unum
834 2194 893 2237 p:
933 2177 1037 2240 fama
1067 2196 1104 2226 c.
1233 2187 1253 2226 i
1284 2186 1481 2238 poicone
1513 2182 1618 2226 dab'
1652 2195 1697 2235 c,
1728 2180 1834 2226 dab’
1865 2187 1887 2225 i

194 2240 407 2296 poitb‘e‘m
423 2253 474 2295 p.
595 2237 919 2284 habitudinem
936 2254 972 2297 c,
995 2240 1127 2285 iuxta
1148 2240 1472 2285 habitudinem
1493 2255 1540 2297 p.
1666 2245 1689 2284 7
1712 2254 1750 2284 c.
1777 2239 1886 2284 vino

195 2297 348 2342 mulso
366 2298 421 2354 (c.
439 2297 600 2342 vinum
617 2296 818 2341 mulsum
835 2301 874 2354 c)
893 2312 960 2355 cp.
1068 2303 1094 2343 8
1118 2299 1268 2344 mulsa
1289 2313 1371 2344 om.
1391 2313 1426 2344 c.
1542 2304 1567 2343 9
1587 2298 1832 2356 epithimia.
1848 2313 1886 2353 c,

197 2355 374 2413 epith'a
389 2371 439 2413 p.
562 2355 741 2400 diasam
765 2371 924 2401 sucum
949 2371 986 2413 c,
1012 2357 1092 2402 dia
1115 2361 1249 2403 sasuc
1261 2373 1313 2415 p.
1437 2363 1490 2401 11
1518 2356 1790 2415 epilensiam
1815 2371 1883 2413 cp.

200 2419 253 2459 12
293 2415 448 2472 prima
485 2416 598 2459 luna.
627 2429 678 2472 p.
858 2416 1039 2461 invenis
1077 2432 1220 2461 unum
1255 2432 1314 2474 p,
1354 2416 1562 2462 invenies
1600 2417 1650 2460 in
1689 2431 1832 2460 unum
1863 2430 1888 2461 c

194 2476 434 2527 (lacunam
465 2475 611 2532 explet
632 2474 786 2520 Diosc.
812 2479 869 2529 2,
902 2479 975 2520 60.
1032 2481 1222 2520 ceterum
1253 2477 1310 2531 cf.
1339 2475 1386 2521 G.
1411 2476 1470 2522 A.
1495 2490 1547 2533 p.
1566 2479 1703 2544 3315).
1831 2480 1884 2519 13

197 2547 471 2592 malfactum
494 2562 546 2604 p.
668 2550 735 2592 et:
770 2548 851 2592 sed
875 2563 943 2604 cp.
1064 2549 1134 2593 ita
1163 2549 1285 2594 ut'ra
1310 2564 1353 2605 c,
1384 2549 1454 2595 ita
1477 2552 1531 2593 ut
1559 2553 1634 2594 tra
1657 2563 1706 2605 p.
1830 2553 1886 2591 14

197 2609 364 2663 tangat
394 2609 442 2651 et
471 2607 591 2664 ligas
624 2620 691 2662 cp.
846 2612 899 2651 15
934 2610 983 2651 et
1014 2608 1135 2652 collo
1159 2622 1222 2664 p,
1253 2614 1274 2652 i
1306 2609 1426 2653 collo
1458 2622 1494 2653 c.
1643 2608 1694 2651 in
1724 2620 1807 2651 om.
1834 2620 1884 2663 p.

200 2695 452 2751 suspendat
483 2708 526 2751 c,
560 2675 691 2739 —dit
711 2708 763 2751 p.
931 2701 986 2740 16
1017 2696 1087 2739 De
1116 2696 1357 2740 lumbricis
1384 2695 1618 2754 generatis
1650 2709 1705 2740 ex
1736 2695 1884 2740 multo

200 2754 303 2797 cibo
327 2768 376 2809 p.
503 2759 556 2799 17
583 2754 778 2798 amictas
801 2768 837 2809 c,
870 2754 1057 2799 almitas
1073 2769 1122 2811 p.
1247 2760 1303 2799 20
1329 2754 1640 2800 modicissime
1666 2768 1722 2799 ex
1745 2767 1886 2798 causa

199 2815 482 2868 provocante
516 2814 713 2869 (——cate)
747 2826 801 2870 cp
831 2814 909 2869 (cf.
946 2812 992 2858 0.
1024 2814 1083 2858 A.
1118 2815 1270 2858 chron.
1303 2817 1354 2869 4,
1384 2818 1507 2870 106).
1749 2835 1753 2838 v
