2004 3186
887 104 1289 158 -188—

392 230 445 278 in
492 226 831 278 curationibus
877 240 994 275 vero
1041 239 1295 290 opopanax
1343 232 1428 276 aut
1467 225 1628 291 capilli
1665 225 1931 277 mulierum

245 304 408 352 exusti
454 308 539 351 aut
585 315 782 366 caprae,
829 305 914 348 aut
957 299 1041 362 pix
1091 297 1348 348 combusta
1393 298 1597 348 naribus
1644 299 1932 364 applicetur.

245 376 474 426 desinent
519 375 913 439 praefocationes
967 373 1200 421 matricis,
1276 373 1486 422 inferius
1541 387 1657 422 vero
1710 374 1763 422 in
1810 375 1935 439 ipsis

246 447 542 515 genitalibus
580 447 703 496 locis
743 451 828 495 aut
860 443 1229 510 opobalsamum
1268 455 1353 495 aut
1391 445 1601 494 nardum
1640 453 1724 495 aut
1762 446 1935 497 folium

199 531 220 565 5
245 537 485 588 apponeS‚
524 522 672 570 etiam
705 526 755 569 et
786 519 971 584 optimo
1011 524 1203 583 styrace
1235 519 1419 568 suffles,
1484 521 1556 568 sic
1592 521 1725 568 enim
1756 522 1934 570 matrix

245 597 430 662 poterit
468 593 635 643 fetidis
675 591 911 642 odoribus
951 606 977 640 a
1017 591 1358 656 superioribus
1398 593 1457 641 ad
1501 593 1737 642 inferiora
1776 593 1938 658 fugari

246 676 296 719 et
334 669 442 718 loco
489 668 692 733 proprio
732 667 978 731 revocari,
1025 680 1140 714 cum
1177 665 1465 715 melioribus
1512 672 1563 715 et
1608 667 1838 716 iucundis
1876 667 1937 716 ad

246 743 508 792 inferiores
558 746 727 807 partes
779 740 931 789 fuerit
979 739 1182 788 invitata
1233 745 1282 788 et
1330 746 1608 805 provocata.
1685 741 1833 790 etiam
1887 746 1939 790 et

248 815 533 865 cucurbitas
580 815 718 864 cufas
757 809 842 878 <id
890 819 967 861 est
1011 809 1142 878 levi>
1181 827 1295 861 cum
1335 815 1640 878 appositione
1681 828 1708 862 a
1747 815 1939 879 superi-

182 900 225 932 10
249 888 421 938 oribus
458 887 683 954 partibus
722 901 880 952 usque
920 885 981 934 ad
1019 887 1222 951 inguina
1259 885 1436 936 blande
1475 886 1706 937 deduces,

398 962 543 1011 aliud.
607 962 792 1011 cumini
824 959 1079 1010 torrefacti
1111 958 1408 1010 coclearium
1445 960 1467 1009 I
1507 960 1767 1026 diligenter
1805 967 1939 1011 teres

249 1043 299 1086 et
339 1051 452 1086 cum
490 1037 603 1084 vino
643 1037 853 1084 mixtum
891 1034 1073 1083 ieiunis
1112 1032 1264 1083 dahis.

396 1109 542 1159 aliud.
605 1108 892 1174 vulpeculae
926 1107 1077 1172 adeps
1109 1113 1195 1156 aut
1225 1121 1400 1172 caprae
1434 1122 1548 1156 cum
1579 1107 1771 1157 modico
1810 1107 1939 1158 bitu·

249 1185 381 1233 mine
422 1184 571 1233 tritus
610 1188 661 1232 et
698 1184 750 1232 in
787 1196 935 1248 pesso
975 1182 1230 1247 appositus
1269 1181 1686 1247 praefocationem
1721 1183 1941 1232 matricis

183 1267 226 1300 15
250 1258 453 1322 mitigat.
550 1255 554 1257 ’

398 1331 644 1379 trociscus
690 1330 1038 1394 ypocapnistos
1083 1328 1133 1378 id
1173 1335 1250 1379 est
1297 1330 1717 1395 suffumigatorius
1756 1330 1942 1380 faciens

250 1404 310 1453 ad
365 1409 618 1453 menstrua
673 1402 960 1452 deducenda
1015 1409 1065 1451 ct
1118 1401 1178 1451 ad
1233 1405 1453 1453 matricis
1499 1403 1793 1454 adscensum
1839 1405 1941 1454 sive

251 1492 523 1543 supernum
556 1491 833 1543 recursum,
865 1491 1014 1541 quem
1047 1475 1222 1526 Graeci
1252 1477 1549 1527 anadromen
1583 1477 1769 1544 dicunt,
1800 1483 1850 1528 et
1881 1478 1943 1527 ad

249 1551 667 1616 praefocationem
713 1551 932 1599 matricis
981 1551 1166 1614 optime
1212 1550 1412 1601 faciens,
1481 1552 1660 1616 recipit
1705 1551 1943 1601 dictamni

186 1635 229 1666 20
253 1626 450 1692 cretici,
489 1624 790 1691 artemisiae,
829 1624 1088 1690 paeoniae,
1134 1622 1310 1689 lapidis
1349 1626 1561 1692 gagatiS,
1600 1624 1941 1675 aristolochiae

372 1860 394 1898 1
429 1869 489 1899 au
529 1867 735 1910 caprea
707 1859 735 1897 a
773 1852 863 1911 plc'
905 1854 1137 1898 combusti
1175 1867 1220 1908 c,
1259 1868 1289 1898 a.
1334 1868 1420 1911 cap
1462 1854 1608 1911 apicis
1644 1855 1881 1900 combusto
1904 1870 1943 1913 Ρ

249 1914 328 1968 (cf.
362 1913 468 1959 Gal.
503 1912 681 1968 XIII,
714 1916 824 1958 320.
877 1914 979 1957 Aet.
1010 1917 1096 1967 12,
1129 1917 1192 1958 68
1229 1926 1280 1969 Ρ.
1313 1917 1419 1959 997
1478 1915 1563 1958 Th.
1591 1913 1737 1960 Prisc
1761 1928 1868 1973 yyn.
1892 1920 1940 1960 2.

250 1976 411 2017 contra
441 1973 650 2028 disputat
681 1972 889 2016 Soranus
911 1986 962 2029 Ρ.
995 1973 1129 2026 256).
1309 1977 1336 2017 2
1368 1973 1559 2018 naribus
1589 1986 1635 2017 c.
1678 1973 1865 2018 auribus
1889 1988 1941 2031 Ρ.

251 2031 490 2088 applicato
522 2044 567 2085 c,
598 2030 803 2086 aplicata
827 2044 877 2087 Ρ.
1030 2036 1056 2074 3
1088 2030 1308 2076 desinunt
1333 2045 1389 2088 Ρ,
1429 2033 1612 2076 desmifi
1643 2046 1680 2078 c.
1829 2047 1942 2078 vero

250 2103 334 2134 om.
367 2103 404 2135 c.
585 2094 613 2133 4
644 2089 728 2134 aut
759 2103 802 2134 c:
834 2088 1042 2134 matricis
1065 2103 1116 2145 Ρ
1291 2092 1524 2135 5st0race
1547 2105 1607 2147 Ρ,
1644 2091 1872 2136 sciracum
1903 2107 1939 2138 c.

252 2149 379 2193 suffis
394 2162 448 2205 Ρ,
473 2147 588 2193 fusis
612 2161 647 2192 c.
772 2163 806 2192 s.
832 2162 870 2192 e.
895 2150 994 2204 pot.
1019 2147 1189 2193 matrix
1212 2162 1264 2205 Ρ.
1390 2155 1415 2194 7
1439 2149 1627 2206 proprio
1650 2164 1693 2196 e:
1717 2150 1869 2207 primo
1887 2165 1942 2208 Ρ.

249 2207 462 2251 iocundis
494 2221 561 2263 οΡ.
706 2211 732 2250 8
765 2208 924 2264 partes
955 2220 1039 2252 om.
1072 2220 1109 2251 c.
1253 2210 1427 2252 inuata
1450 2223 1509 2265 Ρ,
1546 2210 1697 2253 ilficta
1735 2222 1769 2253 c.
1914 2215 1941 2254 9

251 2266 514 2311 cucurbitas
555 2265 701 2322 (cusas
734 2267 839 2310 add.
873 2267 913 2322 c)
954 2279 1060 2310 cum
1091 2266 1383 2323 appositione
1423 2281 1490 2323 cp.
1674 2272 1731 2311 10
1767 2267 1941 2313 blande

251 2325 380 2370 ducis
414 2339 469 2381 Ρ,
509 2324 615 2369 albe
654 2324 825 2369 blande
863 2324 1040 2368 delucis
1080 2337 1116 2369 c.
1251 2329 1303 2369 11
1336 2325 1577 2370 torrefacti
1607 2339 1691 2370 om.
1725 2340 1760 2370 c.
1885 2332 1940 2371 12

252 2388 308 2427 οὗ
333 2398 376 2429 e:
409 2397 494 2429 om.
510 2397 562 2440 Ρ.
699 2383 847 2428 mixto
871 2396 938 2440 cp.
1074 2383 1253 2428 ieiunos
1286 2384 1419 2429 dabis
1464 2399 1508 2441 c,
1550 2384 1762 2429 ieiunans
1804 2387 1942 2442 pota

250 2457 322 2501 bis
345 2471 396 2515 Ρ.
521 2462 576 2502 13
610 2456 862 2513 adipem..
890 2456 1088 2500 ,tritum
1121 2470 1188 2513 cp.
1320 2471 1406 2516 cap
1440 2472 1484 2514 c,
1517 2473 1629 2526 cape
1664 2461 1864 2516 (capree)
1887 2473 1941 2516 Ρ.

254 2521 309 2560 14
341 2518 390 2561 et
421 2516 631 2574 inpresso
664 2491 931 2572 appositum
956 2529 1000 2570 c,
1034 2517 1081 2560 et
1109 2515 1316 2572 inpresso
1349 2520 1398 2562 et
1428 2518 1646 2575 apposita
1669 2532 1719 2574 Ρ.
1841 2532 1941 2562 ma-

250 2576 382 2621 tricis
406 2589 465 2632 Ρ;
498 2576 582 2620 aut
612 2587 636 2619 c
667 2577 774 2631 (pro
805 2575 1012 2619 matricis
1044 2576 1304 2631 compendio
1334 2590 1382 2618 m
1406 2577 1532 2631 lecto,
1562 2581 1614 2621 ut
1643 2590 1774 2633 saepe
1795 2577 1940 2634 infra,

251 2648 325 2689 au
358 2639 390 2679 ι“ι
417 2655 473 2672 =
497 2635 670 2688 autem,
702 2635 797 2689 aut,
827 2634 911 2690 ut).
1037 2638 1091 2678 16
1113 2634 1486 2690 ypocapmistros
1509 2649 1544 2692 c,
1574 2634 1866 2693 opocanistes
1891 2650 1939 2692 Ρ.

252 2692 598 2738 suffumatorius
638 2705 704 2750 cp.
829 2697 882 2736 17
916 2691 1142 2736 adscensu
1174 2706 1219 2747 c,
1251 2693 1445 2739 adcessfi
1468 2709 1518 2751 Ρ.
1659 2698 1712 2738 18
1745 2694 1939 2738 anadro-

250 2765 360 2796 mon
391 2766 434 2807 c,
468 2752 660 2797 -drom
682 2765 733 2808 Ρ.
859 2754 912 2794 19
944 2750 1061 2796 facit
1091 2765 1126 2796 c.
1248 2753 1291 2806 R
1322 2767 1390 2811 cp.
1537 2752 1730 2798 dictami
1761 2766 1805 2809 c,
1838 2752 1938 2813 dip—

250 2810 367 2854 tami
390 2825 439 2867 Ρ.
564 2815 621 2856 20
653 2809 868 2868 agagatis
892 2824 942 2867 Ρ.
