2004 3186
758 112 1155 164 —127—

109 231 336 282 balaustii
389 231 424 287 5
478 231 534 283 Χ.
613 231 860 297 colligitur
909 233 1021 282 vino
1076 235 1287 299 myrtino
1336 242 1387 284 et
1430 236 1631 285 inicitur
1678 251 1791 286 cum

109 306 395 356 decoctione
441 304 556 356 rubi
601 311 687 355 aut
723 311 911 370 myrtae
951 312 1036 356 aut
1074 306 1188 356 mali
1233 310 1424 372 granati
1470 310 1668 358 corticis
1707 317 1792 362 aut

107 394 248 429 rosae
297 381 456 430 siccae
503 385 587 429 aut
624 394 875 428 ramorum
915 379 1119 445 siliquae
1166 395 1383 446 graecae.
1454 381 1701 447 decoques
1739 385 1790 432 in

106 455 219 502 vino
271 460 320 503 et
385 468 509 518 aqua
571 452 851 518 singillatim
906 461 990 503 aut
1051 454 1198 503 simul
1257 456 1485 522 inuno,
1547 463 1598 506 et
1649 471 1788 521 prae·

106 528 351 592 vaporatis
381 525 606 592 partibus
638 526 826 576 alterna
858 529 1129 577 mutatione
1162 530 1500 596 spongiarum,
1534 531 1788 594 supposito
1812 543 1833 576 5

107 599 336 650 clunibus
385 600 634 666 cervicali,
678 601 854 650 inicies
899 616 991 666 per
1037 608 1236 651 enetera
1282 602 1333 651 id
1381 610 1456 652 est
1501 602 1668 652 tibiam
1715 605 1789 652 in-

104 675 359 724 iectoriam
412 673 581 723 multis
636 673 912 724 cavernulis
972 675 1272 740 perforatam
1334 691 1458 740 quae
1518 676 1790 741 appellatur

103 746 389 813 polytretoS.

253 820 509 886 collyrium
535 822 938 889 suppositorium,
963 821 1093 887 quod
1111 821 1287 872 Graeci
1309 821 1578 888 ypotheton
1599 830 1789 890 vocant,
1847 809 1864 828 ’

106 895 405 944 conveniens
437 896 479 944 is
509 897 718 944 maxime
750 897 836 961 qui
874 896 1125 960 frequenti
1156 896 1430 946 deiectione
1464 896 1787 946 assellationis
1812 910 1855 942 10

105 968 353 1033 surgendo
400 969 681 1034 fatigantur.
753 985 982 1019 somnum
1028 971 1212 1019 etenim
1256 977 1511 1037 provocat,
1563 976 1788 1020 ventrem

102 1040 318 1092 abstinet
356 1049 407 1092 et
445 1043 660 1107 quietam
700 1049 897 1093 noctem
936 1042 1215 1094 laborantes
1253 1045 1467 1093 transire
1507 1044 1636 1093 facit.
1710 1059 1786 1093 ac·

102 1116 222 1181 cipit
253 1122 417 1166 autem
449 1119 583 1166 croci
615 1118 821 1182 styracis
854 1132 1052 1166 murrae
1084 1119 1295 1167 castorei
1327 1119 1532 1185 acaciae,
1568 1118 1786 1167 omnium

102 1187 141 1236 V
178 1187 214 1244 3
252 1189 491 1257 singulas,
530 1191 658 1240 turis
695 1190 902 1240 masculi
939 1189 974 1245 3
1013 1190 1092 1240 111.
1157 1206 1276 1241 suco
1318 1191 1612 1256 plantaginis
1652 1189 1784 1240 colli-

102 1264 234 1328 gitur
274 1270 324 1313 et
361 1264 488 1313 fiunt
526 1263 725 1329 collyria
764 1263 1016 1330 sublonga.
1615 1260 1618 1263 ’
1810 1275 1852 1308 15

250 1337 306 1386 ad
363 1337 698 1387 exclusionem
743 1337 1012 1403 longaoniS.
1096 1339 1255 1387 erices
1304 1352 1480 1403 carpu,
1535 1336 1786 1403 gallarum,

221 1587 244 1626 1
277 1581 327 1626 in
356 1581 466 1627 vino
497 1597 557 1626 m.
583 1596 620 1627 ο.
801 1587 826 1626 2
858 1582 936 1627 vel
965 1583 1078 1628 mali
1100 1597 1151 1640 χο.
1325 1582 1519 1627 cortices
1549 1596 1591 1638 e,
1625 1587 1706 1626 -ὂ
1732 1595 1782 1638 p.

100 1646 126 1685 3
159 1641 365 1698 decoque
398 1642 523 1698 (-ᾷ)
547 1655 599 1698 p.
721 1646 748 1685 4
783 1640 1055 1699 singulatim
1079 1656 1148 1698 cp.
1270 1647 1295 1686 5
1329 1641 1568 1698 subposito
1599 1653 1635 1685 e.
1757 1646 1783 1684 6

100 1699 310 1745 cruribus
342 1714 377 1746 ο.
520 1699 866 1758 ptibienethera
889 1714 949 1758 p,
979 1701 1119 1759 pt'ibr
1149 1716 1174 1754 g
1208 1701 1291 1757 (et)
1325 1700 1465 1745 edera.
1496 1713 1519 1744 ο
1549 1700 1687 1754 (unde
1717 1699 1782 1743 la-

99 1763 260 1804 tere-tem
281 1772 374 1804 voc.
399 1758 568 1803 tibiam
593 1761 859 1815 transposui
880 1764 988 1816 post
1016 1760 1046 1804 i.
1066 1781 1121 1797 =
1139 1760 1189 1803 id
1214 1762 1295 1804 est.
1333 1759 1390 1815 ef.
1414 1758 1623 1803 auliscon
1647 1771 1784 1813 quem

100 1832 184 1863 nos
216 1818 384 1863 tibiam
415 1817 568 1863 dicere
599 1817 858 1875 poterimus
892 1818 1011 1863 Cael.
1036 1832 1087 1875 p.
1121 1821 1242 1874 191).
1422 1816 1715 1862 iniectorium
1745 1830 1783 1872 c,

101 1877 231 1922 -ria
261 1891 311 1934 p.
496 1882 521 1922 7
559 1877 721 1921 multis
753 1903 808 1909 —
843 1879 904 1934 (9)
937 1877 1179 1922 Oollirium
1218 1890 1300 1921 om.
1335 1891 1369 1921 c.
1548 1874 1785 1932 perforata.

102 1950 192 1992 que
218 1972 227 1982 .
256 1973 265 1982 .
294 1971 303 1980 .
329 1935 583 1993 politreton
606 1949 656 1993 p.
779 1941 805 1980 9
836 1936 1051 1993 ipoteton
1082 1950 1129 1992 ο,
1160 1937 1337 1995 ypotefi
1359 1949 1397 1992 Ρ
1430 1935 1507 1990 (ef.
1539 1934 1669 2004 Alea.
1704 1935 1782 1978 lat.

98 1996 132 2049 f.
166 1995 301 2048 11512,
341 2009 408 2051 qr.
441 2009 492 2051 p.
524 1999 620 2041 462
658 1996 723 2041 ed.
757 1996 869 2040 Bas.
901 1999 1038 2041 1556.
1102 1996 1160 2051 cf.
1183 2009 1234 2052 10.
1266 1998 1357 2039 450
1392 1990 1504 2038 ἄλλο
1542 1989 1784 2037 ὑποθετον

100 2048 128 2109 ἢ
162 2050 406 2110 κολλύριον
438 2058 549 2111 eta).
704 2059 758 2098 10
791 2055 840 2099 et
869 2057 1010 2099 conv(
1023 2067 1074 2111 p.
1219 2068 1256 2099 c.
1289 2052 1491 2097 maxime
1522 2052 1596 2096 his
1628 2051 1707 2108 qni
1720 2065 1781 2119 p.

97 2113 161 2157 is:
193 2112 266 2157 his
298 2126 366 2170 cp.
522 2118 574 2156 11
605 2114 887 2170 resurgendo
917 2127 963 2170 p.
1116 2118 1170 2157 12
1202 2112 1375 2158 retinet
1398 2125 1447 2169 10.
1586 2113 1782 2155 transire

98 2171 214 2216 facit
243 2186 303 2229 p:
329 2209 338 2218 .
368 2171 556 2230 .1ssfcere
596 2172 670 2216 fac·
713 2173 808 2230 (sed
845 2176 1024 2217 mutata
1055 2187 1080 2218 c
1117 2173 1170 2217 irc
1207 2173 1242 2229 i)
1275 2185 1298 2217 c
1338 2172 1434 2227 (ubi
1471 2170 1566 2215 scil.
1603 2170 1783 2226 primae

98 2231 297 2286 litterae,
327 2231 360 2275 i.
388 2245 423 2277 e.
446 2244 600 2276 versus
615 2232 926 2288 praecedentis
949 2232 1159 2286 ultimae,
1190 2232 1277 2288 Zeqi
1298 2243 1423 2274 ‘num
1445 2242 1540 2275 nort
1555 2229 1780 2286 possunt).

97 2290 283 2347 Accipit
314 2290 470 2335 autem
502 2304 546 2335 ce
577 2292 622 2344 Bc
643 2305 696 2347 p.
820 2296 874 2336 13
899 2290 1080 2336 stiracis
1112 2304 1149 2346 c,
1182 2288 1377 2335 storacis
1397 2302 1446 2345 p.
1567 2288 1705 2332 mirre
1729 2300 1780 2343 p,

97 2349 213 2393 mire
245 2362 280 2395 e.
471 2349 678 2394 omnium
717 2353 796 2396 etc.
829 2351 938 2395 haec
973 2350 1079 2395 dedi
1116 2363 1172 2394 eoe
1209 2363 1245 2394 ο.
1311 2362 1419 2392 ream
1449 2347 1561 2391 mire
1591 2346 1783 2412 confasa

100 2411 306 2464 (propter
334 2407 453 2453 turis
484 2409 681 2453 masculi
719 2413 875 2454 notam
905 2410 1145 2466 duplicem)
1170 2408 1359 2465 praebet
1389 2421 1427 2463 p
1460 2407 1583 2462 (post
1614 2406 1780 2471 acatie)

97 2468 225 2511 haec:
255 2467 576 2524 ypoquistidos
607 2468 717 2512 suci.
777 2467 878 2525 pini
910 2468 1064 2512 cortic.
1112 2466 1262 2512 thuris
1292 2469 1408 2510 τοῦ.
1433 2468 1504 2508 afi.
1528 2470 1558 2515 3
1582 2463 1615 2508 I.
1648 2475 1782 2521 pana

97 2526 305 2582 pondera.
344 2526 499 2583 collig.
542 2541 647 2571 cum
686 2541 796 2572 suco
834 2526 1121 2585 plantaginis
1154 2528 1201 2570 et
1234 2526 1310 2570 fac
1342 2523 1523 2569 colliria
1553 2522 1781 2578 sublonga

99 2585 361 2629 confectum
397 2584 580 2630 lenibus
612 2600 862 2642 apponens
924 2586 1109 2643 preloto
1139 2585 1243 2642 ipso
1273 2585 1504 2642 longaone
1534 2594 1625 2625 uno
1657 2580 1778 2647 bono

101 2644 373 2689 subaustero
413 2646 497 2688 aut
532 2644 718 2689 lentisci
755 2646 833 2690 vel
870 2645 1011 2689 mirre
1058 2643 1342 2690 decoctione.
1418 2640 1595 2708 addunt
1638 2640 1780 2683 etiam

95 2701 259 2759 gallae.
323 2716 546 2748 cerusam.
602 2704 805 2748 acatiam
837 2703 1105 2760 supradicto
1143 2703 1361 2760 pondere.
1485 2703 1538 2742 16
1570 2698 1686 2742 adem
1717 2700 1782 2740 est

99 2759 149 2805 τὸ
191 2758 418 2819 ἡμέτερον
456 2758 574 2820 πρὸς
613 2758 723 2814 τοὺς
760 2765 1108 2820 προπίπτοντας
1146 2757 1320 2818 ἀρχούς
1358 2773 1433 2816 ap.
1474 2756 1577 2803 Gal.
1612 2755 1779 2809 XIII,

98 2823 187 2864 313
226 2818 427 2878 (ἔρείνης
465 2822 648 2878 καρποῦ
681 2823 778 2878 etc.)
810 2826 851 2868 et
880 2822 981 2868 Aet.
1006 2826 1087 2877 14,
1120 2825 1148 2866 7
1173 2834 1222 2877 p.
1250 2823 1358 2865 842.
