2004 3186
858 99 1259 152 -206—

243 217 450 262 ustiones
483 230 598 272 quas
638 214 830 260 eselidas
865 213 1015 271 (effili-

242 277 327 321 das
359 290 395 330 c,
428 275 640 319 efellidas
664 276 718 331 10)
752 274 914 318 dicunt
945 277 1015 318 73.

213 343 469 406 ἡλίωσιςε
497 347 724 393 solatione
743 361 855 392 vero
871 346 1017 391 uteris

243 422 384 464 quam
427 406 594 452 eliosin
634 407 796 451 dicunt
833 410 904 450 54.
956 407 1014 461 cf.

245 467 363 512 Cael.
397 468 488 510 chr.
521 471 563 520 4,
599 470 652 510 18
684 469 763 509 etc.

212 534 568 598 ἡμικράνιοςε
604 539 664 582 ad
697 538 794 583 eius
829 539 905 594 (sc
940 551 1014 582 ca-

241 600 370 657 pitis)
435 597 701 642 medietatis
770 597 1013 664 (dolorem)

241 672 380 715 quem
457 659 614 714 (quam
682 656 829 712 codd.)
901 655 1013 699 emi-

242 716 499 775 g(c)ranion
565 717 737 760 vocant
806 719 843 760 1.
932 716 1016 758 aut

240 776 385 843 ipsius
475 775 775 819 membranae
868 774 1014 830 partis

243 834 431 892 (passio)
473 847 611 889 quam
644 834 862 877 consuete
901 832 1013 877 emi-

242 893 502 951 g(c)ranion
526 892 687 936 dicunt
717 892 775 936 ib.
810 891 870 935 ad
903 891 1015 935 emi-

241 952 499 1009 g(c)ranion
543 964 654 995 vero
701 955 780 995 etc.
826 950 887 994 ib
959 963 1015 994 ex

243 1009 538 1055 antecedenti
569 1010 730 1054 dolore
763 1008 909 1053 totius
941 1022 1014 1052 ca·

240 1069 362 1137 pitis.
400 1071 482 1113 aut
528 1068 783 1125 emigranei
837 1069 921 1125 (300
970 1081 1014 1124 9,

240 1128 366 1172 —nii
407 1130 479 1186 010)
519 1132 590 1173 29.
654 1127 710 1182 οΓ.
759 1127 834 1171 Ρ3.
882 1126 1013 1170 Plin.

238 1189 348 1233 med.
379 1193 460 1243 1,1
490 1186 748 1254 emigrania
762 1187 1012 1243 unguntur.

240 1248 301 1291 ad
356 1246 663 1303 emigranium
719 1246 812 1289 eod.
859 1246 1014 1288 Bruoe.

243 1307 326 1350 Th.
369 1306 514 1349 Prisc.
555 1318 592 1361 Ρ
633 1302 714 1348 93¹³
754 1308 796 1348 et
829 1317 879 1360 Ρ.
918 1307 1013 1348 102

239 1366 322 1410 ubi
366 1378 472 1409 mose
518 1362 799 1420 emigranius
847 1364 1017 1419 pausat

242 1424 281 1468 si
306 1459 317 1470 .
344 1459 354 1469 .
380 1459 390 1469 .
441 1423 560 1468 Cael.
601 1423 691 1466 chr.
726 1427 774 1477 1,
813 1426 842 1464 4
883 1422 1015 1465 dolor

240 1483 491 1527 vehemens
536 1480 704 1537 capitis
739 1481 885 1525 totius
933 1483 1016 1524 aut

241 1542 423 1586 dimidii
470 1554 607 1597 quem
655 1541 878 1584 consueto
933 1552 1012 1582 not

160 1620 166 1625 ¹
239 1601 364 1644 mine
416 1599 750 1644 hemicraniam
798 1599 882 1654 (300
927 1599 1012 1654 ed.)

239 1660 421 1704 vocant.
458 1658 519 1702 M
519 1671 610 1702 arc.
618 1671 668 1714 Ρ.
685 1661 759 1702 38.
774 1660 834 1701 39
850 1658 949 1714 (ubi
959 1657 1014 1701 de

239 1719 408 1763 codicis
467 1717 654 1762 lectione
713 1729 808 1760 non
867 1716 1014 1772 ma9is

239 1778 445 1832 constat).
522 1777 655 1821 Alex.
714 1780 735 1819 1
750 1811 760 1831 ,
821 1779 941 1818 45-—
957 1779 1011 1819 51

241 1836 551 1894 (emigraneus
577 1835 722 1889 dolor,
747 1834 1015 1891 emigranea

239 1896 406 1952 passio,
424 1895 772 1962 emigraneam).
796 1893 1012 1949 Eseozap.

239 1956 339 1998 chr.
380 1967 415 1998 0.
466 1958 511 1997 1:
560 1952 726 2009 quodsi
765 1952 1014 1996 dimidium

241 2014 383 2070 caput
427 2012 653 2066 doluerit,
697 2011 1013 2069 emigraneum

240 2072 509 2139 appellatur
547 2072 660 2128 (cod
682 2071 854 2138 ‘An9.>.
919 2071 1012 2114 tro-

241 2131 437 2175 ciscaria
469 2129 752 2187 emigranica
782 2131 842 2173 ib.

212 2200 630 2261 θεραπευτικὴ.
700 2203 902 2248 Galenus
962 2202 1012 2246 in

240 2277 323 2308 sua
344 2262 664 2319 therapeutice
679 2261 768 2306 hoc
793 2262 865 2306 est
879 2260 1010 2305 libris

242 2323 534 2366 curationum
565 2326 637 2366 30.

211 2394 493 2452 θρόμβοςε
534 2393 748 2452 glebulas
781 2393 1012 2462 (globulos

240 2454 351 2499 80000.
406 2468 441 2498 3.
495 2456 553 2511 v.)
604 2453 842 2510 sanguinis
897 2466 1011 2508 quas

241 2513 407 2558 Graeci
429 2513 636 2558 trombos
661 2512 886 2569 (trumbos
912 2525 935 2556 0
955 2533 1010 2548 =

239 2572 372 2628 Sim.)
413 2572 655 2629 appellant
692 2576 762 2616 30.
818 2571 1010 2628 gleboso

240 2632 320 2686 (al.
362 2631 576 2688 globoso)
610 2630 834 2687 sanguine
873 2644 1011 2685 quem

241 2690 408 2735 Graeci
445 2690 663 2734 trombon
705 2689 938 2747 (trumbon
970 2689 1010 2745 c)

241 2749 483 2805 appellant
512 2753 583 2794 46.
647 2750 704 2804 οΓ.
739 2748 858 2793 Cael.
891 2749 1009 2792 Aur.

239 2809 330 2852 chr.
365 2813 405 2863 2,
442 2812 510 2851 12.
564 2812 607 2864 4,
640 2813 697 2853 84
729 2806 876 2865 gelati
908 2820 1009 2850 san-

1098 1860 1479 1928 ἱλιγγιῶντεςε

1128 212 1281 271 guinis
1298 211 1581 270 corpusculis
1605 227 1725 269 quae
1747 211 1896 271 θρόμ-

1099 274 1241 375 βους
1272 272 1526 342 appellant.

1099 326 1560 398 θρομβούμενοςε
1601 329 1640 374 si
1679 344 1788 374 vero
1825 331 1898 375 ni-

1126 390 1278 447 gellus
1307 388 1453 433 fuerit
1483 387 1711 446 (sanguis)
1742 391 1790 434 et
1819 403 1897 434 ve

1126 449 1216 494 luti
1262 448 1501 506 glebosus,
1548 461 1687 503 quem
1733 441 1899 493 Graeci

1126 508 1251 563 tro(u
1267 508 1607 563 p)mbumenon
1629 508 1800 551 vocant
1825 511 1897 551 39.

1127 567 1185 621 οΓ.
1228 565 1347 611 Cael.
1386 566 1504 610 Aur.
1545 566 1637 609 chr.
1676 570 1727 621 4,
1758 569 1817 608 40
1859 564 1899 609 si

1126 625 1311 682 gelatus
1389 623 1624 669 obstiterit
1695 624 1899 680 sanguis,

1128 684 1254 740 quod.
1294 683 1460 728 Graeci
1502 678 1778 740 θρόμβωσιν
1818 695 1898 727 vo-

1126 745 1246 788 cant.

1098 801 1281 857 θυμοί
1320 802 1397 858 (αῖ,
1437 797 1593 858 θύμιοι
1635 798 1743 845 Cels.
1779 802 1899 856 etc):

1128 861 1385 928 (verrucae)
1437 859 1483 903 in
1546 858 1899 903 similitudinem

1127 918 1412 964 summitatis
1473 917 1616 975 tymi,
1686 917 1810 962 unde
1871 931 1900 962 a

1128 977 1316 1023 Graecis
1347 979 1505 1034 tymoe
1537 978 1707 1033 (tymos
1731 990 1774 1033 9,
1805 976 1899 1022 thi-

1127 1051 1228 1081 mos
1277 1037 1317 1094 c)
1370 1035 1668 1104 appellantur
1722 1039 1776 1078 12
1829 1036 1901 1091 (de

1127 1097 1302 1152 ori9ine
1331 1096 1530 1140 nominis
1558 1095 1651 1149 fere
1681 1095 1902 1138 consentit

1130 1154 1238 1199 Cels.
1274 1159 1420 1211 5,28,
1455 1157 1542 1209 14).

1098 1190 1397 1270 ἰκτερικόςε
1452 1211 1631 1256 icterici
1683 1211 1901 1256 dicuntur

1127 1274 1290 1317 morbo
1337 1272 1466 1329 regio
1521 1271 1823 1315 laborantes.

1129 1332 1337 1388 sequitur
1369 1330 1640 1398 ...pallor
1692 1306 1901 1386 corporis

1128 1405 1231 1434 cum
1267 1426 1277 1434 .
1311 1425 1322 1435 .
1356 1424 1365 1434 .
1399 1390 1553 1434 crocei
1621 1389 1698 1433 vel
1773 1389 1901 1433 aurei

1128 1449 1296 1494 coloris
1323 1447 1547 1504 fantasia,
1578 1448 1701 1492 unde
1725 1448 1785 1492 ab
1816 1447 1900 1491 ali-

1129 1507 1315 1564 quantis
1338 1507 1484 1551 latine
1508 1520 1685 1563 aurugo
1719 1506 1899 1563 (aurigo

1127 1567 1328 1622 asim)
1360 1565 1625 1623 appellatur
1654 1570 1725 1608 49.

1097 1623 1449 1684 ἰκτερώδης.
1461 1639 1565 1668 011111
1591 1623 1773 1680 ingenti
1799 1623 1899 1680 pal—

1127 1685 1225 1729 lore
1255 1685 1494 1729 ictericum
1519 1683 1734 1727 morbum
1758 1682 1898 1726 simu-

1126 1744 1275 1799 lante,
1318 1757 1427 1787 nam
1460 1741 1629 1786 Graeci
1662 1741 1900 1786 icteroden

1125 1778 1299 1847 vocarit
1328 1808 1398 1846 32.

1591 1859 1899 1917 vertiginosos

1128 1935 1244 1976 quos
1275 1919 1546 1976 ilingiontas
1583 1918 1825 1976 appellant
1859 1924 1898 1973 1,

1127 1981 1210 2024 ubi
1246 1979 1497 2024 ilicnuntas
1534 1991 1584 2046 9,
1623 1977 1696 2021 illi
1730 1953 1900 2033 gantas⁷

1127 2053 1164 2093 0,
1196 2038 1383 2096 giuntas
1406 2039 1503 2095 (sic,
1533 2039 1586 2081 in
1609 2037 1716 2080 novi
1745 2049 1899 2081 versus

1126 2099 1263 2142 initio
1318 2098 1463 2142 altera
1508 2096 1718 2140 vocabuli
1762 2099 1900 2152 parte

1119 2170 1205 2213 per
1251 2169 1445 2200 errorem
1492 2156 1672 2211 omissa)
1711 2169 1767 2210 10,
1811 2168 1898 2210 9000

1125 2218 1225 2272 ipso
1247 2216 1418 2259 scilicet
1441 2214 1590 2258 codice
1611 2226 1722 2258 usus
1752 2213 1900 2257 videri
1983 2209 1989 2217 ⁹

1117 2278 1266 2331 potest
1289 2273 1448 2318 Simon
1477 2273 1517 2316 J
1515 2273 1731 2316 cannensis
1763 2274 1896 2327 (saec.

1126 2332 1264 2376 XIV
1297 2333 1382 2388 in.)
1414 2333 1494 2388 9000
1532 2332 1614 2375 snb
1656 2332 1739 2376 litt.
1774 2330 1818 2374 G
1849 2331 1896 2386 (l)

1124 2392 1256 2436 habet
1287 2389 1515 2448 „Giuntas
1547 2404 1683 2446 grece
1714 2389 1896 2446 vertigo

1126 2450 1249 2495 Cass.
1306 2451 1383 2494 Fe.
1441 2450 1559 2493 etc.“
1636 2453 1768 2505 atque
1816 2449 1898 2492 hoc

1124 2509 1308 2555 Simone
1353 2509 1574 2553 recentior
1614 2509 1757 2563 fuisse
1799 2520 1896 2551 cor-

1123 2570 1310 2613 rectoris
1328 2581 1493 2612 manus
1509 2581 1623 2624 quae
1637 2580 1748 2611 saec.
1763 2565 1851 2609 XI
1858 2564 1902 2607 V

1124 2629 1176 2672 in
1200 2641 1237 2684 Ρ
1269 2628 1565 2684 adscripserit
1593 2626 1660 2670 ili.
1711 2625 1897 2669 Cassius

1125 2688 1245 2731 enim
1277 2686 1387 2743 „qui
1428 2685 1636 2731 continet
1665 2685 1895 2729 tractatus

1125 2747 1239 2790 duos
1259 2722 1315 2790 d’e
1332 2745 1541 2802 pratica“
1568 2746 1635 2801 (ut
1652 2744 1719 2788 ait
1736 2742 1895 2787 Simon

1123 2806 1176 2852 in
1192 2805 1363 2862 praef.)
1388 2803 1621 2861 309000·ᾔοαο
1652 2806 1733 2848 aut
1757 2815 1893 2847 exem-
