2004 3186
782 125 1177 176 -117—

285 245 327 293 si
365 259 480 293 vero
521 244 683 293 atonia
729 243 881 293 fuerit
918 245 1109 294 vesicae
1156 245 1206 294 id
1246 252 1322 294 est
1360 244 1607 313 debilitas,
1655 247 1817 298 subito

135 320 307 367 urinae
340 317 613 382 egerendae
646 316 1022 367 delectationem
1052 320 1332 384 patiuntur,
1372 326 1423 368 et
1453 334 1567 369 cum
1599 321 1818 385 mingere

136 394 392 457 coeperint
430 406 544 441 cum
582 392 771 455 ingenti
811 398 990 441 conatu
1022 398 1072 440 et
1102 394 1287 457 gemitu
1327 392 1618 442 humorosas
1650 395 1819 443 urinas

136 465 426 532 excludunt,
488 471 572 515 aut
625 479 715 529 per
769 479 996 515 somnum
1050 465 1378 515 involuntario
1432 465 1572 532 lapsu
1625 469 1819 518 urinam

135 539 381 589 emittunt.
451 545 501 588 et
540 539 829 602 frequenter
869 538 988 588 haec
1027 542 1191 604 passio
1230 539 1475 604 paralysin
1514 542 1704 590 vesicae
1744 541 1817 590 fu-
1843 552 1864 585 5

135 622 295 662 turam
335 612 592 677 significat.

285 687 528 751 contingit
571 687 754 735 iterum
801 685 1000 751 dysuria
1046 688 1096 736 in
1144 689 1305 737 vesica
1351 686 1569 736 ulcerata
1622 694 1708 737 aut
1760 703 1821 737 ex

136 759 340 810 renibus
386 761 611 809 irruente
659 758 818 824 lapide
866 766 1089 826 extensa,
1136 767 1220 810 aut
1264 760 1438 810 limosa
1482 767 1567 810 aut
1615 775 1821 810 arenosa

134 834 369 899 qualitate
402 833 609 883 solidato
644 840 693 882 et
724 832 924 898 gleboso
956 836 1216 901 sanguine,
1249 850 1397 899 quem
1429 833 1604 883 Graeci
1635 834 1818 884 throm-

133 907 231 957 bon
272 906 540 973 appellant,
578 908 628 956 in
667 907 776 972 ipso
816 907 996 957 urinali
1034 914 1199 957 meatu
1238 908 1455 958 obtrusa.
1846 921 1888 953 10

281 982 524 1046 contingit
554 982 736 1030 iterum
769 981 968 1047 dysuria
1006 983 1058 1030 in
1094 982 1400 1046 aegritudine
1440 983 1668 1050 pessima,
1707 997 1820 1032 cum

134 1057 285 1106 suerit
322 1062 498 1105 natura
537 1070 628 1104 suo
668 1055 831 1105 officio
871 1057 1074 1120 privata.

284 1130 554 1179 curationis
589 1144 706 1178 vero
746 1135 968 1194 tempore
1001 1131 1043 1178 si
1082 1129 1233 1179 fuerit
1264 1144 1325 1178 ex
1363 1130 1546 1194 frigore
1586 1136 1670 1179 aut
1708 1144 1820 1194 pro·

133 1203 283 1253 sunda
329 1203 652 1268 perfrictione
701 1202 928 1268 dysuriae
978 1204 1196 1252 causatio
1244 1217 1358 1252 cum
1403 1205 1592 1268 ingenti
1636 1203 1820 1268 dolore,

134 1277 298 1327 oleum
322 1283 580 1327 rutaceum
611 1291 702 1342 per
725 1277 951 1341 podicem
976 1277 1266 1341 frequenter
1291 1282 1491 1341 aegroto
1520 1276 1820 1326 iniciendum
1847 1287 1887 1320 15

135 1356 224 1401 est·
293 1353 345 1400 in
392 1350 589 1399 feminis
629 1365 746 1399 vero
786 1351 979 1418 matrici
1019 1356 1096 1399 est
1141 1348 1516 1399 infundendum.
1588 1351 1732 1399 etiam
1773 1359 1823 1399 et

135 1426 445 1474 extrinsecus
476 1423 757 1489 pubetenus
786 1438 1018 1489 praeraso
1050 1425 1236 1489 pectini
1260 1423 1336 1472 vel
1367 1422 1652 1488 inguinibus
1683 1423 1821 1472 lanae

134 1498 454 1564 apponendae
502 1513 562 1547 ex
610 1497 718 1546 oleo
759 1499 962 1563 cyprino
1002 1497 1260 1563 calefacto,
1307 1496 1567 1562 aliquando
1606 1496 1820 1547 admixto

134 1580 383 1639 castoreo,
430 1573 474 1621 si
519 1572 647 1621 forte
693 1571 805 1637 plus
854 1571 1068 1621 calefieri
1115 1572 1407 1636 oportuerit.
1480 1578 1530 1620 et
1568 1573 1611 1620 si
1648 1576 1822 1620 venter

133 1645 451 1712 abstinuerit,
498 1645 708 1711 clystere
756 1647 852 1695 erit
898 1645 1217 1694 deducendus
1257 1660 1316 1694 ex
1366 1644 1652 1694 decoctione
1693 1644 1822 1693 faeni
1846 1654 1890 1688 20

132 1721 296 1786 graeci
335 1727 421 1770 aut
459 1718 639 1768 radicis
678 1718 862 1768 malvae
902 1718 1010 1767 oleo
1050 1718 1279 1768 admixto,
1351 1716 1654 1767 adhibendae
1705 1725 1823 1767 sunt

134 1796 280 1846 etiarn
334 1794 625 1843 insessionis
680 1793 1082 1857 fomentationeS‚
1135 1806 1247 1841 nam
1295 1790 1470 1841 Graeci
1521 1791 1822 1840 encathisma

201 2010 218 2041 f
259 1948 520 2016 luathonia,
550 1963 598 2006 Ρ.
782 1953 808 1992 3
849 1947 1026 2005 ceperit
1065 1962 1132 2004 cp.
1313 1954 1341 1991 4
1387 1961 1471 2004 per
1518 1960 1728 1991 somnum
1774 1949 1821 2004 (p

218 2018 321 2042 onnu

134 2053 323 2109 sepnussa‘i
355 2052 405 2108 Ρ)
432 2066 467 2108 Ρ
499 2051 682 2109 (Petr.):
717 2065 910 2109 sompno
941 2065 977 2096 c.
1108 2056 1132 2095 7
1168 2052 1288 2108 (item
1323 2055 1390 2096 11.
1424 2053 1496 2106 14)
1527 2049 1723 2096 dissuria
1753 2062 1821 2105 cp.

134 2131 160 2171 8
192 2129 374 2172 imente
406 2139 450 2181 c,
480 2125 675 2170 irruenti
698 2140 748 2182 Ρ.
880 2127 963 2170 aut
1001 2125 1226 2182 (limosa):
1271 2126 1428 2169 autem
1462 2137 1530 2181 cp.
1651 2127 1678 2168 8
1711 2121 1821 2166 soli-

133 2187 244 2231 data
281 2187 364 2231 aut
401 2185 597 2242 globosa
634 2198 677 2241 c,
717 2184 953 2230 sordidata
991 2186 1075 2229 aut
1112 2184 1306 2241 glebosa
1335 2196 1385 2240 Ρ.
1566 2195 1708 2239 quam
1751 2194 1819 2237 σΡ.

131 2245 350 2290 trombon
379 2258 423 2289 c:
456 2243 676 2289 trumbon
699 2258 749 2300 Ρ.
875 2248 929 2288 10
957 2243 1172 2289 obstrusa,
1202 2256 1269 2300 οΡ.
1395 2247 1446 2286 11
1482 2240 1820 2300 egritudinibus

132 2304 343 2362 pessimis
374 2317 443 2361 cp.
567 2308 621 2347 13
653 2316 763 2348 vero
795 2316 839 2348 c:
878 2316 961 2349 om.
986 2317 1038 2360 Ρ.
1161 2305 1243 2347 aut
1273 2315 1315 2347 c:
1357 2302 1433 2347 vel
1457 2315 1507 2358 Ρ.
1633 2304 1687 2343 14
1717 2312 1819 2355 per-

134 2363 313 2409 strictio
337 2376 389 2421 Ρ.
511 2366 567 2406 15
597 2361 883 2408 iniciendum
914 2364 1076 2420 egroto
1110 2364 1209 2418 (om.
1235 2362 1315 2417 est)
1332 2374 1382 2417 Ρ.
1510 2364 1562 2404 16
1587 2357 1758 2425 matrix
1782 2371 1818 2402 c.

137 2427 189 2467 17
214 2423 473 2479 pubetenus
497 2434 541 2466 c:
573 2434 656 2467 om.
673 2435 725 2478 Ρ.
845 2422 1031 2478 pectine
1055 2434 1123 2477 cp.
1248 2423 1302 2463 18
1327 2418 1479 2463 calido
1500 2431 1551 2475 Ρ.
1672 2417 1817 2459 mixto

133 2495 177 2536 c,
209 2480 384 2526 amixto
408 2495 459 2537 Ρ.
643 2486 697 2525 19
731 2480 771 2524 si
801 2480 923 2525 forte
956 2480 1151 2525 calidius
1181 2478 1280 2524 fieri
1305 2492 1377 2535 op.
1408 2492 1446 2534 Ρ
1477 2478 1534 2533 (si
1563 2475 1682 2520 forte
1712 2474 1818 2531 plus

135 2540 337 2585 calidum
374 2539 476 2584 fieri
513 2552 586 2596 op.
619 2539 782 2596 Petr.),
824 2539 873 2584 Si
909 2553 1019 2584 vero
1057 2539 1163 2596 plus
1196 2537 1399 2583 calefieri
1438 2550 1510 2592 op.
1544 2549 1579 2579 c.
1759 2537 1816 2576 20

137 2600 310 2644 elisteri
339 2612 376 2644 c.
527 2600 600 2642 est
621 2612 671 2655 Ρ.
817 2603 870 2643 21
903 2597 1074 2643 radicis
1106 2612 1142 2654 c,
1180 2597 1306 2642 indlc
1333 2610 1368 2651 Ρ
1400 2594 1626 2650 (radicum
1659 2591 1815 2647 Potiu).

134 2659 310 2703 amixto
343 2658 447 2703 oleo
471 2672 522 2714 Ρ.
703 2659 811 2702 sunt
847 2657 992 2702 etiam
1020 2671 1074 2714 p:
1114 2670 1197 2701 om.
1230 2670 1254 2700 c
1283 2655 1383 2710 (uhi
1420 2649 1718 2717 adhfidumi
1750 2649 1815 2702 fi).

134 2722 189 2762 22
212 2716 495 2762 insessiones
516 2716 876 2761 fomentationes
894 2730 937 2761 cz
963 2715 1195 2761 sensiones
1220 2713 1410 2772 (fufio-es
1434 2711 1816 2776 fomentationem

130 2790 164 2833 Ρ
196 2776 436 2833 (sessiones
469 2775 610 2832 Sim).
761 2789 868 2820 nam
902 2789 946 2820 c:
986 2789 1100 2831 quas
1125 2788 1162 2830 Ρ
1191 2773 1355 2830 (Sim).
1507 2770 1762 2814 encatismz’t
1793 2779 1816 2810 c

65 2863 75 2870 ·
136 2835 461 2891 (encatismata
493 2834 635 2891 Sim).
