<?xml version="1.0" encoding="UTF-8"?>
<!DOCTYPE html PUBLIC "-//W3C//DTD XHTML 1.0 Transitional//EN"
    "http://www.w3.org/TR/xhtml1/DTD/xhtml1-transitional.dtd">
<html xmlns="http://www.w3.org/1999/xhtml" xml:lang="en" lang="en">
 <head>
  <title>
</title>
<meta http-equiv="Content-Type" content="text/html;charset=utf-8" />
  <meta name='ocr-system' content='tesseract 3.04.00' />
  <meta name='ocr-capabilities' content='ocr_page ocr_carea ocr_par ocr_line ocrx_word'/>
</head>
<body>
  <div class='ocr_page' id='page_1' title='image "./demedicinaexgrae00cassuoft_0080.png"; bbox 0 0 2004 3186; ppageno 0'>
   <div class='ocr_carea' id='block_1_1' title="bbox 858 132 1219 185">
    <p class='ocr_par' dir='ltr' id='par_1_1' title="bbox 858 132 1219 185">
     <span class='ocr_line' id='line_1_1' title="bbox 858 132 1219 185; baseline -0.003 -15"><span class='ocrx_word' id='word_1_1' title='bbox 858 132 1219 185; x_wconf 74' lang='grc'>-66-</span> 
     </span>
    </p>
   </div>
   <div class='ocr_carea' id='block_1_2' title="bbox 123 251 1883 1789">
    <p class='ocr_par' dir='ltr' id='par_1_2' title="bbox 194 251 1883 322">
     <span class='ocr_line' id='line_1_2' title="bbox 194 251 1883 322; baseline -0.004 -14"><span class='ocrx_word' id='word_1_2' title='bbox 194 258 359 308; x_wconf 85' lang='lat' dir='ltr'><strong>oleum</strong></span> <span class='ocrx_word' id='word_1_3' title='bbox 406 259 672 322; x_wconf 84' lang='lat' dir='ltr'><strong>myrtinum</strong></span> <span class='ocrx_word' id='word_1_4' title='bbox 719 254 857 304; x_wconf 91' lang='lat' dir='ltr'><strong>dabis</strong></span> <span class='ocrx_word' id='word_1_5' title='bbox 902 251 1226 302; x_wconf 82' lang='lat' dir='ltr'><strong>colluendum·</strong></span> <span class='ocrx_word' id='word_1_6' title='bbox 1264 259 1314 301; x_wconf 90' lang='lat' dir='ltr'><strong>et</strong></span> <span class='ocrx_word' id='word_1_7' title='bbox 1370 258 1632 317; x_wconf 85' lang='lat' dir='ltr'><strong>postquam</strong></span> <span class='ocrx_word' id='word_1_8' title='bbox 1686 251 1883 302; x_wconf 88' lang='lat' dir='ltr'><strong>dederis</strong></span> 
     </span>
    </p>

    <p class='ocr_par' dir='ltr' id='par_1_3' title="bbox 197 325 1880 464">
     <span class='ocr_line' id='line_1_3' title="bbox 197 325 1731 390; baseline -0.004 -9"><span class='ocrx_word' id='word_1_9' title='bbox 197 331 390 381; x_wconf 91' lang='lat' dir='ltr'><strong>alumen</strong></span> <span class='ocrx_word' id='word_1_10' title='bbox 432 332 641 380; x_wconf 92' lang='lat' dir='ltr'><strong>scissum</strong></span> <span class='ocrx_word' id='word_1_11' title='bbox 680 343 793 378; x_wconf 91' lang='lat' dir='ltr'><strong>cum</strong></span> <span class='ocrx_word' id='word_1_12' title='bbox 831 327 1058 376; x_wconf 87' lang='lat' dir='ltr'><strong>limatura</strong></span> <span class='ocrx_word' id='word_1_13' title='bbox 1099 325 1250 374; x_wconf 90' lang='lat' dir='ltr'><strong>corali</strong></span> <span class='ocrx_word' id='word_1_14' title='bbox 1288 326 1462 374; x_wconf 87' lang='lat' dir='ltr'><strong>tritum</strong></span> <span class='ocrx_word' id='word_1_15' title='bbox 1501 340 1731 390; x_wconf 77' lang='lat' dir='ltr'><strong>appones,</strong></span> 
     </span>
     <span class='ocr_line' id='line_1_4' title="bbox 344 398 1880 464; baseline -0.003 -11"><span class='ocrx_word' id='word_1_16' title='bbox 344 404 474 453; x_wconf 91' lang='lat' dir='ltr'><strong>aliud</strong></span> <span class='ocrx_word' id='word_1_17' title='bbox 514 403 574 452; x_wconf 91' lang='lat' dir='ltr'><strong>ad</strong></span> <span class='ocrx_word' id='word_1_18' title='bbox 612 403 787 452; x_wconf 89' lang='lat' dir='ltr'><strong>dentes</strong></span> <span class='ocrx_word' id='word_1_19' title='bbox 829 402 1068 464; x_wconf 79' lang='lat' dir='ltr'><strong>agitantes</strong></span> <span class='ocrx_word' id='word_1_20' title='bbox 1107 398 1421 463; x_wconf 86' lang='lat' dir='ltr'><strong>stringendos</strong></span> <span class='ocrx_word' id='word_1_21' title='bbox 1459 405 1509 447; x_wconf 90' lang='lat' dir='ltr'><strong>et</strong></span> <span class='ocrx_word' id='word_1_22' title='bbox 1546 400 1753 463; x_wconf 86' lang='lat' dir='ltr'><strong>gingivis</strong></span> <span class='ocrx_word' id='word_1_23' title='bbox 1791 401 1880 448; x_wconf 91' lang='lat' dir='ltr'><strong>im-</strong></span> 
     </span>
    </p>

    <p class='ocr_par' dir='ltr' id='par_1_4' title="bbox 194 471 1883 544">
     <span class='ocr_line' id='line_1_5' title="bbox 194 471 1883 544; baseline -0.004 -17"><span class='ocrx_word' id='word_1_24' title='bbox 194 478 414 544; x_wconf 81' lang='lat' dir='ltr'><strong>plendos,</strong></span> <span class='ocrx_word' id='word_1_25' title='bbox 483 476 633 541; x_wconf 89' lang='lat' dir='ltr'><strong>gallae</strong></span> <span class='ocrx_word' id='word_1_26' title='bbox 682 482 731 524; x_wconf 88' lang='lat' dir='ltr'><strong>et</strong></span> <span class='ocrx_word' id='word_1_27' title='bbox 777 473 1010 523; x_wconf 87' lang='lat' dir='ltr'><strong>acanthae</strong></span> <span class='ocrx_word' id='word_1_28' title='bbox 1051 473 1303 537; x_wconf 83' lang='lat' dir='ltr'><strong>aegyptiae</strong></span> <span class='ocrx_word' id='word_1_29' title='bbox 1342 482 1399 520; x_wconf 48' lang='grc' dir='ltr'><strong>’ἰν</strong></span> <span class='ocrx_word' id='word_1_30' title='bbox 1439 471 1678 536; x_wconf 86' lang='lat' dir='ltr'><strong>singulas,</strong></span> <span class='ocrx_word' id='word_1_31' title='bbox 1730 472 1883 522; x_wconf 84' lang='lat' dir='ltr'><strong>corali</strong></span> 
     </span>
    </p>

    <p class='ocr_par' dir='ltr' id='par_1_5' title="bbox 151 545 1880 614">
     <span class='ocr_line' id='line_1_6' title="bbox 151 545 1880 614; baseline -0.001 -17"><span class='ocrx_word' id='word_1_32' title='bbox 151 565 172 597; x_wconf 78' lang='lat'><strong>5</strong></span> <span class='ocrx_word' id='word_1_33' title='bbox 194 552 230 606; x_wconf 81' lang='lat'>3</span> <span class='ocrx_word' id='word_1_34' title='bbox 268 550 312 599; x_wconf 94' lang='lat' dir='ltr'><strong>II</strong></span> <span class='ocrx_word' id='word_1_35' title='bbox 358 553 409 599; x_wconf 91' lang='lat' dir='ltr'><strong>in</strong></span> <span class='ocrx_word' id='word_1_36' title='bbox 455 565 555 599; x_wconf 92' lang='lat' dir='ltr'><strong>uno</strong></span> <span class='ocrx_word' id='word_1_37' title='bbox 596 549 855 614; x_wconf 86' lang='lat' dir='ltr'><strong>diligenter</strong></span> <span class='ocrx_word' id='word_1_38' title='bbox 893 545 1074 596; x_wconf 90' lang='lat' dir='ltr'><strong>tundes</strong></span> <span class='ocrx_word' id='word_1_39' title='bbox 1114 551 1163 594; x_wconf 92' lang='lat' dir='ltr'><strong>et</strong></span> <span class='ocrx_word' id='word_1_40' title='bbox 1201 546 1492 594; x_wconf 88' lang='lat' dir='ltr'><strong>tenuissime</strong></span> <span class='ocrx_word' id='word_1_41' title='bbox 1534 547 1663 595; x_wconf 90' lang='lat' dir='ltr'><strong>tritis</strong></span> <span class='ocrx_word' id='word_1_42' title='bbox 1708 547 1880 596; x_wconf 88' lang='lat' dir='ltr'><strong>uteris.</strong></span> 
     </span>
    </p>

    <p class='ocr_par' dir='ltr' id='par_1_6' title="bbox 194 618 1883 894">
     <span class='ocr_line' id='line_1_7' title="bbox 341 618 1880 684; baseline -0.003 -11"><span class='ocrx_word' id='word_1_43' title='bbox 341 623 471 673; x_wconf 90' lang='lat' dir='ltr'><strong>aliud</strong></span> <span class='ocrx_word' id='word_1_44' title='bbox 511 619 570 672; x_wconf 89' lang='lat' dir='ltr'><strong>ad</strong></span> <span class='ocrx_word' id='word_1_45' title='bbox 611 623 783 672; x_wconf 90' lang='lat' dir='ltr'><strong>dentes</strong></span> <span class='ocrx_word' id='word_1_46' title='bbox 822 636 882 670; x_wconf 85' lang='lat' dir='ltr'><strong>ex</strong></span> <span class='ocrx_word' id='word_1_47' title='bbox 920 634 1162 684; x_wconf 87' lang='lat' dir='ltr'><strong>percussu</strong></span> <span class='ocrx_word' id='word_1_48' title='bbox 1203 620 1458 683; x_wconf 76' lang='lat' dir='ltr'><strong>agitantes,</strong></span> <span class='ocrx_word' id='word_1_49' title='bbox 1521 618 1594 668; x_wconf 89' lang='lat' dir='ltr'><strong>lac</strong></span> <span class='ocrx_word' id='word_1_50' title='bbox 1634 620 1880 668; x_wconf 89' lang='lat' dir='ltr'><strong>asininum</strong></span> 
     </span>
     <span class='ocr_line' id='line_1_8' title="bbox 195 691 1883 762; baseline -0.003 -15"><span class='ocrx_word' id='word_1_51' title='bbox 195 705 279 747; x_wconf 88' lang='lat' dir='ltr'><strong>aut</strong></span> <span class='ocrx_word' id='word_1_52' title='bbox 324 699 579 762; x_wconf 87' lang='lat' dir='ltr'><strong>caprinum</strong></span> <span class='ocrx_word' id='word_1_53' title='bbox 625 698 676 745; x_wconf 91' lang='lat' dir='ltr'><strong>in</strong></span> <span class='ocrx_word' id='word_1_54' title='bbox 725 695 988 744; x_wconf 89' lang='lat' dir='ltr'><strong>collutione</strong></span> <span class='ocrx_word' id='word_1_55' title='bbox 1039 694 1141 741; x_wconf 89' lang='lat' dir='ltr'><strong>oris</strong></span> <span class='ocrx_word' id='word_1_56' title='bbox 1197 691 1364 742; x_wconf 92' lang='lat' dir='ltr'><strong>datum</strong></span> <span class='ocrx_word' id='word_1_57' title='bbox 1412 692 1586 743; x_wconf 88' lang='lat' dir='ltr'><strong>dentes</strong></span> <span class='ocrx_word' id='word_1_58' title='bbox 1641 695 1883 758; x_wconf 88' lang='lat' dir='ltr'><strong>agitantes</strong></span> 
     </span>
     <span class='ocr_line' id='line_1_9' title="bbox 195 767 1880 835; baseline -0.003 -15"><span class='ocrx_word' id='word_1_59' title='bbox 195 773 365 821; x_wconf 88' lang='lat' dir='ltr'><strong>statuit</strong></span> <span class='ocrx_word' id='word_1_60' title='bbox 410 770 485 819; x_wconf 90' lang='lat' dir='ltr'><strong>vel</strong></span> <span class='ocrx_word' id='word_1_61' title='bbox 532 770 728 835; x_wconf 84' lang='lat' dir='ltr'><strong>solidat⁷</strong></span> <span class='ocrx_word' id='word_1_62' title='bbox 776 775 824 817; x_wconf 88' lang='lat' dir='ltr'><strong>et</strong></span> <span class='ocrx_word' id='word_1_63' title='bbox 869 767 1115 816; x_wconf 84' lang='lat' dir='ltr'><strong>ulceratas</strong></span> <span class='ocrx_word' id='word_1_64' title='bbox 1162 767 1380 831; x_wconf 89' lang='lat' dir='ltr'><strong>gingivas</strong></span> <span class='ocrx_word' id='word_1_65' title='bbox 1427 772 1478 816; x_wconf 91' lang='lat' dir='ltr'><strong>et</strong></span> <span class='ocrx_word' id='word_1_66' title='bbox 1524 768 1625 815; x_wconf 89' lang='lat' dir='ltr'><strong>oris</strong></span> <span class='ocrx_word' id='word_1_67' title='bbox 1664 769 1780 816; x_wconf 87' lang='lat' dir='ltr'><strong>vitia</strong></span> <span class='ocrx_word' id='word_1_68' title='bbox 1818 781 1880 816; x_wconf 89' lang='lat' dir='ltr'><strong>ex</strong></span> 
     </span>
     <span class='ocr_line' id='line_1_10' title="bbox 194 839 1115 894; baseline -0.005 -1"><span class='ocrx_word' id='word_1_69' title='bbox 194 844 422 894; x_wconf 80' lang='lat' dir='ltr'><strong>acredine</strong></span> <span class='ocrx_word' id='word_1_70' title='bbox 461 844 683 892; x_wconf 88' lang='lat' dir='ltr'><strong>humoris</strong></span> <span class='ocrx_word' id='word_1_71' title='bbox 722 848 835 891; x_wconf 91' lang='lat' dir='ltr'><strong>nata</strong></span> <span class='ocrx_word' id='word_1_72' title='bbox 874 839 1115 889; x_wconf 87' lang='lat' dir='ltr'><strong>medetur.</strong></span> 
     </span>
    </p>

    <p class='ocr_par' dir='ltr' id='par_1_7' title="bbox 128 913 1880 1274">
     <span class='ocr_line' id='line_1_11' title="bbox 128 913 1879 982; baseline 0.001 -21"><span class='ocrx_word' id='word_1_73' title='bbox 128 931 170 962; x_wconf 89' lang='lat'><strong>10</strong></span> <span class='ocrx_word' id='word_1_74' title='bbox 341 917 696 982; x_wconf 82' lang='lat' dir='ltr'><strong>dentifricium,</strong></span> <span class='ocrx_word' id='word_1_75' title='bbox 736 914 865 979; x_wconf 89' lang='lat' dir='ltr'><strong>quod</strong></span> <span class='ocrx_word' id='word_1_76' title='bbox 903 913 1079 962; x_wconf 86' lang='lat' dir='ltr'><strong>Graeci</strong></span> <span class='ocrx_word' id='word_1_77' title='bbox 1110 913 1494 963; x_wconf 89' lang='lat' dir='ltr'><strong>odontotrimma</strong></span> <span class='ocrx_word' id='word_1_78' title='bbox 1524 921 1712 963; x_wconf 83' lang='lat' dir='ltr'><strong>vocant.</strong></span> <span class='ocrx_word' id='word_1_79' title='bbox 1774 915 1879 979; x_wconf 89' lang='lat' dir='ltr'><strong>gin-</strong></span> 
     </span>
     <span class='ocr_line' id='line_1_12' title="bbox 193 986 1877 1055; baseline -0.002 -16"><span class='ocrx_word' id='word_1_80' title='bbox 193 992 325 1055; x_wconf 89' lang='lat' dir='ltr'><strong>givas</strong></span> <span class='ocrx_word' id='word_1_81' title='bbox 363 990 582 1054; x_wconf 90' lang='lat' dir='ltr'><strong>turgidas</strong></span> <span class='ocrx_word' id='word_1_82' title='bbox 629 992 731 1038; x_wconf 89' lang='lat' dir='ltr'><strong>sive</strong></span> <span class='ocrx_word' id='word_1_83' title='bbox 771 986 1171 1052; x_wconf 88' lang='lat' dir='ltr'><strong>sanguinolentas</strong></span> <span class='ocrx_word' id='word_1_84' title='bbox 1211 989 1318 1036; x_wconf 90' lang='lat' dir='ltr'><strong>sine</strong></span> <span class='ocrx_word' id='word_1_85' title='bbox 1363 987 1461 1037; x_wconf 88' lang='lat' dir='ltr'><strong>ulla</strong></span> <span class='ocrx_word' id='word_1_86' title='bbox 1499 989 1754 1037; x_wconf 86' lang='lat' dir='ltr'><strong>vexatione</strong></span> <span class='ocrx_word' id='word_1_87' title='bbox 1795 987 1877 1036; x_wconf 92' lang='lat' dir='ltr'><strong>de-</strong></span> 
     </span>
     <span class='ocr_line' id='line_1_13' title="bbox 192 1060 1880 1130; baseline -0.001 -18"><span class='ocrx_word' id='word_1_88' title='bbox 192 1065 365 1130; x_wconf 84' lang='lat' dir='ltr'><strong>siccat,</strong></span> <span class='ocrx_word' id='word_1_89' title='bbox 426 1065 595 1127; x_wconf 88' lang='lat' dir='ltr'><strong>nigros</strong></span> <span class='ocrx_word' id='word_1_90' title='bbox 656 1063 831 1112; x_wconf 91' lang='lat' dir='ltr'><strong>dentes</strong></span> <span class='ocrx_word' id='word_1_91' title='bbox 891 1060 1172 1110; x_wconf 89' lang='lat' dir='ltr'><strong>incandidat</strong></span> <span class='ocrx_word' id='word_1_92' title='bbox 1233 1068 1283 1111; x_wconf 90' lang='lat' dir='ltr'><strong>et</strong></span> <span class='ocrx_word' id='word_1_93' title='bbox 1321 1063 1419 1119; x_wconf 49' lang='lat' dir='ltr'><strong>¹ori</strong></span> <span class='ocrx_word' id='word_1_94' title='bbox 1483 1060 1634 1111; x_wconf 84' lang='lat' dir='ltr'><strong>fetido</strong></span> <span class='ocrx_word' id='word_1_95' title='bbox 1693 1061 1880 1110; x_wconf 91' lang='lat' dir='ltr'><strong>bonum</strong></span> 
     </span>
     <span class='ocr_line' id='line_1_14' title="bbox 192 1134 1879 1203; baseline -0.001 -18"><span class='ocrx_word' id='word_1_96' title='bbox 192 1137 394 1185; x_wconf 87' lang='lat' dir='ltr'><strong>odorem</strong></span> <span class='ocrx_word' id='word_1_97' title='bbox 459 1137 602 1203; x_wconf 81' lang='lat' dir='ltr'><strong>facit,</strong></span> <span class='ocrx_word' id='word_1_98' title='bbox 662 1136 837 1185; x_wconf 89' lang='lat' dir='ltr'><strong>dentes</strong></span> <span class='ocrx_word' id='word_1_99' title='bbox 899 1134 1106 1184; x_wconf 89' lang='lat' dir='ltr'><strong>mobiles</strong></span> <span class='ocrx_word' id='word_1_100' title='bbox 1166 1134 1244 1183; x_wconf 88' lang='lat' dir='ltr'><strong>vel</strong></span> <span class='ocrx_word' id='word_1_101' title='bbox 1303 1137 1544 1200; x_wconf 88' lang='lat' dir='ltr'><strong>agitantes</strong></span> <span class='ocrx_word' id='word_1_102' title='bbox 1606 1135 1879 1184; x_wconf 87' lang='lat' dir='ltr'><strong>confirmat.</strong></span> 
     </span>
     <span class='ocr_line' id='line_1_15' title="bbox 191 1207 1879 1274; baseline -0.001 -15"><span class='ocrx_word' id='word_1_103' title='bbox 191 1212 368 1274; x_wconf 83' lang='lat' dir='ltr'><strong>recipit</strong></span> <span class='ocrx_word' id='word_1_104' title='bbox 414 1225 572 1259; x_wconf 90' lang='lat' dir='ltr'><strong>cornu</strong></span> <span class='ocrx_word' id='word_1_105' title='bbox 617 1211 804 1259; x_wconf 91' lang='lat' dir='ltr'><strong>cervini</strong></span> <span class='ocrx_word' id='word_1_106' title='bbox 850 1207 1097 1258; x_wconf 87' lang='lat' dir='ltr'><strong>combusti</strong></span> <span class='ocrx_word' id='word_1_107' title='bbox 1148 1215 1198 1257; x_wconf 90' lang='lat' dir='ltr'><strong>et</strong></span> <span class='ocrx_word' id='word_1_108' title='bbox 1243 1208 1514 1274; x_wconf 88' lang='lat' dir='ltr'><strong>specularis</strong></span> <span class='ocrx_word' id='word_1_109' title='bbox 1562 1210 1659 1258; x_wconf 90' lang='lat' dir='ltr'><strong>assi</strong></span> <span class='ocrx_word' id='word_1_110' title='bbox 1706 1210 1879 1258; x_wconf 90' lang='lat' dir='ltr'><strong>uncias</strong></span> 
     </span>
    </p>

    <p class='ocr_par' dir='ltr' id='par_1_8' title="bbox 125 1281 1878 1422">
     <span class='ocr_line' id='line_1_16' title="bbox 125 1281 1878 1350; baseline 0.002 -22"><span class='ocrx_word' id='word_1_111' title='bbox 125 1297 167 1328; x_wconf 80' lang='lat'><strong>15</strong></span> <span class='ocrx_word' id='word_1_112' title='bbox 191 1283 352 1350; x_wconf 85' lang='lat' dir='ltr'><strong>binaS‚</strong></span> <span class='ocrx_word' id='word_1_113' title='bbox 392 1283 505 1333; x_wconf 89' lang='lat' dir='ltr'><strong>salis</strong></span> <span class='ocrx_word' id='word_1_114' title='bbox 545 1285 835 1332; x_wconf 89' lang='lat' dir='ltr'><strong>ammoniaci</strong></span> <span class='ocrx_word' id='word_1_115' title='bbox 873 1281 908 1336; x_wconf 79' lang='lat'>3</span> <span class='ocrx_word' id='word_1_116' title='bbox 945 1282 988 1348; x_wconf 90' lang='lat'><strong>1,</strong></span> <span class='ocrx_word' id='word_1_117' title='bbox 1037 1284 1266 1332; x_wconf 90' lang='lat' dir='ltr'><strong>mastices</strong></span> <span class='ocrx_word' id='word_1_118' title='bbox 1304 1284 1339 1338; x_wconf 82' lang='lat'>3</span> <span class='ocrx_word' id='word_1_119' title='bbox 1378 1282 1420 1348; x_wconf 83' lang='grc' dir='ltr'><strong>Ι,</strong></span> <span class='ocrx_word' id='word_1_120' title='bbox 1467 1282 1696 1331; x_wconf 87' lang='lat' dir='ltr'><strong>aluminis</strong></span> <span class='ocrx_word' id='word_1_121' title='bbox 1735 1282 1878 1347; x_wconf 83' lang='lat' dir='ltr'><strong>lipari</strong></span> 
     </span>
     <span class='ocr_line' id='line_1_17' title="bbox 192 1355 1878 1422; baseline -0.001 -16"><span class='ocrx_word' id='word_1_122' title='bbox 192 1358 308 1406; x_wconf 91' lang='lat' dir='ltr'><strong>sicci</strong></span> <span class='ocrx_word' id='word_1_123' title='bbox 356 1364 405 1406; x_wconf 90' lang='lat' dir='ltr'><strong>et</strong></span> <span class='ocrx_word' id='word_1_124' title='bbox 450 1356 554 1406; x_wconf 90' lang='lat' dir='ltr'><strong>folii</strong></span> <span class='ocrx_word' id='word_1_125' title='bbox 599 1355 660 1406; x_wconf 72' lang='lat' dir='ltr'><strong>d?</strong></span> <span class='ocrx_word' id='word_1_126' title='bbox 698 1363 977 1422; x_wconf 90' lang='lat' dir='ltr'><strong>quaternas.</strong></span> <span class='ocrx_word' id='word_1_127' title='bbox 1046 1355 1226 1405; x_wconf 88' lang='lat' dir='ltr'><strong>tundes</strong></span> <span class='ocrx_word' id='word_1_128' title='bbox 1275 1363 1324 1405; x_wconf 90' lang='lat' dir='ltr'><strong>et</strong></span> <span class='ocrx_word' id='word_1_129' title='bbox 1371 1371 1570 1422; x_wconf 81' lang='lat' dir='ltr'><strong>cerneS‚</strong></span> <span class='ocrx_word' id='word_1_130' title='bbox 1618 1363 1668 1405; x_wconf 90' lang='lat' dir='ltr'><strong>et</strong></span> <span class='ocrx_word' id='word_1_131' title='bbox 1706 1358 1878 1405; x_wconf 82' lang='lat' dir='ltr'><strong>uteriS.</strong></span> 
     </span>
    </p>

    <p class='ocr_par' dir='ltr' id='par_1_9' title="bbox 190 1429 1878 1643">
     <span class='ocr_line' id='line_1_18' title="bbox 337 1429 1878 1495; baseline -0.001 -15"><span class='ocrx_word' id='word_1_132' title='bbox 337 1432 380 1480; x_wconf 88' lang='lat' dir='ltr'><strong>si</strong></span> <span class='ocrx_word' id='word_1_133' title='bbox 419 1446 534 1480; x_wconf 87' lang='lat' dir='ltr'><strong>vero</strong></span> <span class='ocrx_word' id='word_1_134' title='bbox 575 1446 840 1481; x_wconf 86' lang='lat' dir='ltr'><strong>cancerosa</strong></span> <span class='ocrx_word' id='word_1_135' title='bbox 878 1429 1117 1479; x_wconf 88' lang='lat' dir='ltr'><strong>ulceratio</strong></span> <span class='ocrx_word' id='word_1_136' title='bbox 1157 1430 1309 1479; x_wconf 91' lang='lat' dir='ltr'><strong>fuerit</strong></span> <span class='ocrx_word' id='word_1_137' title='bbox 1351 1431 1680 1495; x_wconf 86' lang='lat' dir='ltr'><strong>gingivarum,</strong></span> <span class='ocrx_word' id='word_1_138' title='bbox 1732 1444 1878 1494; x_wconf 87' lang='lat' dir='ltr'><strong>quam</strong></span> 
     </span>
     <span class='ocr_line' id='line_1_19' title="bbox 191 1503 1878 1570; baseline 0 -18"><span class='ocrx_word' id='word_1_139' title='bbox 191 1504 364 1553; x_wconf 88' lang='lat' dir='ltr'><strong>Graeci</strong></span> <span class='ocrx_word' id='word_1_140' title='bbox 395 1505 691 1554; x_wconf 87' lang='lat' dir='ltr'><strong>carcinoden</strong></span> <span class='ocrx_word' id='word_1_141' title='bbox 723 1510 920 1570; x_wconf 85' lang='lat' dir='ltr'><strong>vocant,</strong></span> <span class='ocrx_word' id='word_1_142' title='bbox 960 1503 1183 1553; x_wconf 91' lang='lat' dir='ltr'><strong>dentium</strong></span> <span class='ocrx_word' id='word_1_143' title='bbox 1215 1503 1419 1569; x_wconf 86' lang='lat' dir='ltr'><strong>nigredo</strong></span> <span class='ocrx_word' id='word_1_144' title='bbox 1451 1503 1527 1552; x_wconf 89' lang='lat' dir='ltr'><strong>vel</strong></span> <span class='ocrx_word' id='word_1_145' title='bbox 1558 1503 1682 1552; x_wconf 88' lang='lat' dir='ltr'><strong>livor</strong></span> <span class='ocrx_word' id='word_1_146' title='bbox 1713 1510 1878 1553; x_wconf 89' lang='lat' dir='ltr'><strong>osten-</strong></span> 
     </span>
     <span class='ocr_line' id='line_1_20' title="bbox 190 1577 1878 1643; baseline 0 -17"><span class='ocrx_word' id='word_1_147' title='bbox 190 1578 322 1627; x_wconf 89' lang='lat' dir='ltr'><strong>ditur</strong></span> <span class='ocrx_word' id='word_1_148' title='bbox 347 1593 460 1627; x_wconf 89' lang='lat' dir='ltr'><strong>cum</strong></span> <span class='ocrx_word' id='word_1_149' title='bbox 488 1578 791 1628; x_wconf 89' lang='lat' dir='ltr'><strong>ulceratione</strong></span> <span class='ocrx_word' id='word_1_150' title='bbox 823 1577 1021 1643; x_wconf 80' lang='lat' dir='ltr'><strong>putrida</strong></span> <span class='ocrx_word' id='word_1_151' title='bbox 1053 1579 1360 1642; x_wconf 85' lang='lat' dir='ltr'><strong>gingivarum</strong></span> <span class='ocrx_word' id='word_1_152' title='bbox 1385 1592 1444 1627; x_wconf 87' lang='lat' dir='ltr'><strong>ex</strong></span> <span class='ocrx_word' id='word_1_153' title='bbox 1477 1577 1878 1642; x_wconf 86' lang='lat' dir='ltr'><strong>supradictorum</strong></span> 
     </span>
    </p>

    <p class='ocr_par' dir='ltr' id='par_1_10' title="bbox 123 1650 1878 1789">
     <span class='ocr_line' id='line_1_21' title="bbox 123 1650 1878 1717; baseline 0.002 -21"><span class='ocrx_word' id='word_1_154' title='bbox 123 1666 166 1696; x_wconf 78' lang='lat'><strong>20</strong></span> <span class='ocrx_word' id='word_1_155' title='bbox 190 1651 409 1700; x_wconf 88' lang='lat' dir='ltr'><strong>dentium</strong></span> <span class='ocrx_word' id='word_1_156' title='bbox 449 1653 711 1716; x_wconf 89' lang='lat' dir='ltr'><strong>agitatione</strong></span> <span class='ocrx_word' id='word_1_157' title='bbox 752 1659 803 1701; x_wconf 88' lang='lat' dir='ltr'><strong>et</strong></span> <span class='ocrx_word' id='word_1_158' title='bbox 841 1653 942 1700; x_wconf 90' lang='lat' dir='ltr'><strong>oris</strong></span> <span class='ocrx_word' id='word_1_159' title='bbox 980 1657 1183 1717; x_wconf 85' lang='lat' dir='ltr'><strong>putore,</strong></span> <span class='ocrx_word' id='word_1_160' title='bbox 1222 1651 1449 1700; x_wconf 89' lang='lat' dir='ltr'><strong>adiuncta</strong></span> <span class='ocrx_word' id='word_1_161' title='bbox 1491 1652 1714 1716; x_wconf 90' lang='lat' dir='ltr'><strong>corporis</strong></span> <span class='ocrx_word' id='word_1_162' title='bbox 1753 1650 1878 1700; x_wconf 89' lang='lat' dir='ltr'><strong>mala</strong></span> 
     </span>
     <span class='ocr_line' id='line_1_22' title="bbox 189 1724 1878 1789; baseline 0.001 -17"><span class='ocrx_word' id='word_1_163' title='bbox 189 1724 474 1774; x_wconf 89' lang='lat' dir='ltr'><strong>habitudine</strong></span> <span class='ocrx_word' id='word_1_164' title='bbox 516 1741 663 1789; x_wconf 90' lang='lat' dir='ltr'><strong>quam</strong></span> <span class='ocrx_word' id='word_1_165' title='bbox 703 1725 877 1775; x_wconf 89' lang='lat' dir='ltr'><strong>Graeci</strong></span> <span class='ocrx_word' id='word_1_166' title='bbox 917 1724 1180 1773; x_wconf 87' lang='lat' dir='ltr'><strong>cachexian</strong></span> <span class='ocrx_word' id='word_1_167' title='bbox 1221 1731 1411 1774; x_wconf 90' lang='lat' dir='ltr'><strong>vocant.</strong></span> <span class='ocrx_word' id='word_1_168' title='bbox 1472 1724 1534 1773; x_wconf 92' lang='lat' dir='ltr'><strong>ob</strong></span> <span class='ocrx_word' id='word_1_169' title='bbox 1576 1724 1878 1789; x_wconf 90' lang='lat' dir='ltr'><strong>diligentiam</strong></span> 
     </span>
    </p>
   </div>
   <div class='ocr_carea' id='block_1_3' title="bbox 189 1924 1877 2042">
    <p class='ocr_par' dir='ltr' id='par_1_11' title="bbox 189 1924 1877 2042">
     <span class='ocr_line' id='line_1_23' title="bbox 310 1924 1877 1971; baseline 0 -3"><span class='ocrx_word' id='word_1_170' title='bbox 310 1931 331 1968; x_wconf 92' lang='lat'>1</span> <span class='ocrx_word' id='word_1_171' title='bbox 367 1925 519 1969; x_wconf 89' lang='lat' dir='ltr'><strong>oleum</strong></span> <span class='ocrx_word' id='word_1_172' title='bbox 553 1952 606 1958; x_wconf 91' lang='lat'><em>-</em></span> <span class='ocrx_word' id='word_1_173' title='bbox 640 1925 823 1971; x_wconf 86' lang='lat' dir='ltr'><strong>dederis</strong></span> <span class='ocrx_word' id='word_1_174' title='bbox 855 1939 895 1971; x_wconf 84' lang='lat' dir='ltr'><strong>a.</strong></span> <span class='ocrx_word' id='word_1_175' title='bbox 929 1939 971 1970; x_wconf 84' lang='lat' dir='ltr'><strong>e:</strong></span> <span class='ocrx_word' id='word_1_176' title='bbox 1014 1925 1116 1970; x_wconf 89' lang='lat' dir='ltr'><strong>oleo</strong></span> <span class='ocrx_word' id='word_1_177' title='bbox 1156 1925 1345 1970; x_wconf 76' lang='lat' dir='ltr'><strong>mii-tino</strong></span> <span class='ocrx_word' id='word_1_178' title='bbox 1385 1925 1560 1970; x_wconf 85' lang='lat' dir='ltr'><strong>collues</strong></span> <span class='ocrx_word' id='word_1_179' title='bbox 1598 1927 1647 1970; x_wconf 89' lang='lat' dir='ltr'><strong>et</strong></span> <span class='ocrx_word' id='word_1_180' title='bbox 1690 1924 1877 1970; x_wconf 79' lang='lat' dir='ltr'><strong>collutis</strong></span> 
     </span>
     <span class='ocr_line' id='line_1_24' title="bbox 189 1983 1874 2042; baseline 0.001 -15"><span class='ocrx_word' id='word_1_181' title='bbox 189 1983 404 2028; x_wconf 85' lang='lat' dir='ltr'><strong>dentibus</strong></span> <span class='ocrx_word' id='word_1_182' title='bbox 429 1998 468 2029; x_wconf 84' lang='lat' dir='ltr'><strong>a.</strong></span> <span class='ocrx_word' id='word_1_183' title='bbox 487 1998 537 2041; x_wconf 91' lang='grc' dir='ltr'><strong>Ρ.</strong></span> <span class='ocrx_word' id='word_1_184' title='bbox 660 1990 686 2028; x_wconf 82' lang='grc'><strong>2</strong></span> <span class='ocrx_word' id='word_1_185' title='bbox 719 1986 841 2040; x_wconf 82' lang='lat' dir='ltr'><strong>(item</strong></span> <span class='ocrx_word' id='word_1_186' title='bbox 865 1989 909 2042; x_wconf 89' lang='lat'><strong>4)</strong></span> <span class='ocrx_word' id='word_1_187' title='bbox 942 1984 1086 2030; x_wconf 67' lang='lat' dir='ltr'><strong>cora-li</strong></span> <span class='ocrx_word' id='word_1_188' title='bbox 1117 1998 1155 2041; x_wconf 83' lang='lat' dir='ltr'><strong>c,</strong></span> <span class='ocrx_word' id='word_1_189' title='bbox 1188 1984 1352 2030; x_wconf 82' lang='lat' dir='ltr'><strong>coralli</strong></span> <span class='ocrx_word' id='word_1_190' title='bbox 1367 1999 1417 2041; x_wconf 87' lang='grc' dir='ltr'><strong>Ρ.</strong></span> <span class='ocrx_word' id='word_1_191' title='bbox 1541 1990 1567 2029; x_wconf 88' lang='lat'>3</span> <span class='ocrx_word' id='word_1_192' title='bbox 1600 1984 1804 2042; x_wconf 61' lang='lat' dir='ltr'><strong>agitantes</strong></span> <span class='ocrx_word' id='word_1_193' title='bbox 1832 1997 1874 2028; x_wconf 83' lang='lat' dir='ltr'><strong>c:</strong></span> 
     </span>
    </p>
   </div>
   <div class='ocr_carea' id='block_1_4' title="bbox 187 2049 1877 2393">
    <p class='ocr_par' dir='ltr' id='par_1_12' title="bbox 187 2049 1877 2393">
     <span class='ocr_line' id='line_1_25' title="bbox 189 2049 1875 2118; baseline 0.001 -16"><span class='ocrx_word' id='word_1_194' title='bbox 189 2059 392 2114; x_wconf 68' lang='lat' dir='ltr'><strong>agitatas</strong></span> <span class='ocrx_word' id='word_1_195' title='bbox 424 2059 524 2115; x_wconf 84' lang='lat' dir='ltr'><strong>(sic)</strong></span> <span class='ocrx_word' id='word_1_196' title='bbox 557 2063 663 2102; x_wconf 76' lang='lat' dir='ltr'><strong>ante</strong></span> <span class='ocrx_word' id='word_1_197' title='bbox 693 2072 807 2104; x_wconf 79' lang='lat' dir='ltr'><strong>corr.</strong></span> <span class='ocrx_word' id='word_1_198' title='bbox 833 2072 869 2115; x_wconf 99' lang='grc' dir='ltr'><em>Ρ</em></span> <span class='ocrx_word' id='word_1_199' title='bbox 902 2049 1106 2118; x_wconf 66' lang='lat' dir='ltr'><strong>(—tat{.s</strong></span> <span class='ocrx_word' id='word_1_200' title='bbox 1130 2058 1219 2116; x_wconf 72' lang='lat'>1²⁰)-</span> <span class='ocrx_word' id='word_1_201' title='bbox 1343 2056 1664 2115; x_wconf 77' lang='lat' dir='ltr'><strong>stringendum</strong></span> <span class='ocrx_word' id='word_1_202' title='bbox 1697 2059 1745 2103; x_wconf 79' lang='lat' dir='ltr'><strong>et</strong></span> <span class='ocrx_word' id='word_1_203' title='bbox 1773 2058 1875 2115; x_wconf 86' lang='lat' dir='ltr'><strong>gin-</strong></span> 
     </span>
     <span class='ocr_line' id='line_1_26' title="bbox 187 2118 1877 2190; baseline 0 -15"><span class='ocrx_word' id='word_1_204' title='bbox 187 2131 320 2188; x_wconf 84' lang='lat' dir='ltr'><strong>givas</strong></span> <span class='ocrx_word' id='word_1_205' title='bbox 350 2132 592 2188; x_wconf 76' lang='lat' dir='ltr'><strong>iplendum</strong></span> <span class='ocrx_word' id='word_1_206' title='bbox 636 2146 678 2188; x_wconf 83' lang='lat' dir='ltr'><strong>c,</strong></span> <span class='ocrx_word' id='word_1_207' title='bbox 719 2134 767 2176; x_wconf 74' lang='lat' dir='ltr'><strong>et</strong></span> <span class='ocrx_word' id='word_1_208' title='bbox 804 2132 1031 2190; x_wconf 82' lang='lat' dir='ltr'><strong>stringere</strong></span> <span class='ocrx_word' id='word_1_209' title='bbox 1073 2133 1120 2177; x_wconf 76' lang='lat' dir='ltr'><strong>et</strong></span> <span class='ocrx_word' id='word_1_210' title='bbox 1156 2118 1360 2190; x_wconf 75' lang='lat' dir='ltr'><strong>gingiva</strong></span> <span class='ocrx_word' id='word_1_211' title='bbox 1404 2131 1583 2188; x_wconf 87' lang='lat' dir='ltr'><strong>replere</strong></span> <span class='ocrx_word' id='word_1_212' title='bbox 1617 2146 1665 2188; x_wconf 88' lang='grc' dir='ltr'><strong>Ρ.</strong></span> <span class='ocrx_word' id='word_1_213' title='bbox 1848 2136 1877 2175; x_wconf 82' lang='grc'>4</span> 
     </span>
     <span class='ocr_line' id='line_1_27' title="bbox 188 2191 1877 2248; baseline 0 -14"><span class='ocrx_word' id='word_1_214' title='bbox 188 2191 326 2247; x_wconf 63' lang='lat' dir='ltr'><strong>agate</strong></span> <span class='ocrx_word' id='word_1_215' title='bbox 358 2204 425 2247; x_wconf 75' lang='grc' dir='ltr'><em>σΡ.</em></span> <span class='ocrx_word' id='word_1_216' title='bbox 600 2195 625 2234; x_wconf 87' lang='lat'>5</span> <span class='ocrx_word' id='word_1_217' title='bbox 657 2196 677 2234; x_wconf 79' lang='lat' dir='ltr'><strong>i</strong></span> <span class='ocrx_word' id='word_1_218' title='bbox 708 2196 789 2236; x_wconf 81' lang='lat' dir='ltr'><strong>uio</strong></span> <span class='ocrx_word' id='word_1_219' title='bbox 821 2191 964 2248; x_wconf 87' lang='lat' dir='ltr'><strong>(vino)</strong></span> <span class='ocrx_word' id='word_1_220' title='bbox 996 2206 1031 2237; x_wconf 82' lang='lat' dir='ltr'><strong>c.</strong></span> <span class='ocrx_word' id='word_1_221' title='bbox 1207 2196 1233 2235; x_wconf 83' lang='grc'><strong>6</strong></span> <span class='ocrx_word' id='word_1_222' title='bbox 1265 2204 1538 2248; x_wconf 82' lang='lat' dir='ltr'><strong>percussura</strong></span> <span class='ocrx_word' id='word_1_223' title='bbox 1561 2204 1610 2247; x_wconf 91' lang='grc' dir='ltr'><strong>Ρ.</strong></span> <span class='ocrx_word' id='word_1_224' title='bbox 1771 2195 1795 2234; x_wconf 82' lang='grc'><strong>7</strong></span> <span class='ocrx_word' id='word_1_225' title='bbox 1827 2191 1877 2234; x_wconf 90' lang='lat' dir='ltr'><strong>in</strong></span> 
     </span>
     <span class='ocr_line' id='line_1_28' title="bbox 188 2249 1877 2318; baseline 0.001 -26"><span class='ocrx_word' id='word_1_226' title='bbox 188 2262 270 2293; x_wconf 85' lang='lat' dir='ltr'><strong>om.</strong></span> <span class='ocrx_word' id='word_1_227' title='bbox 303 2262 370 2306; x_wconf 77' lang='lat' dir='ltr'><strong>cp.</strong></span> <span class='ocrx_word' id='word_1_228' title='bbox 504 2250 730 2317; x_wconf 36' lang='lat' dir='ltr'><strong>‘collueoe</strong></span> <span class='ocrx_word' id='word_1_229' title='bbox 761 2250 887 2295; x_wconf 84' lang='lat' dir='ltr'><strong>horis</strong></span> <span class='ocrx_word' id='word_1_230' title='bbox 919 2265 963 2295; x_wconf 84' lang='lat' dir='ltr'><strong>c:</strong></span> <span class='ocrx_word' id='word_1_231' title='bbox 1005 2250 1270 2296; x_wconf 76' lang='lat' dir='ltr'><strong>collationis</strong></span> <span class='ocrx_word' id='word_1_232' title='bbox 1309 2249 1402 2294; x_wconf 86' lang='lat' dir='ltr'><strong>oris</strong></span> <span class='ocrx_word' id='word_1_233' title='bbox 1437 2263 1484 2306; x_wconf 89' lang='grc' dir='ltr'><strong>Ρ.</strong></span> <span class='ocrx_word' id='word_1_234' title='bbox 1593 2312 1612 2318; x_wconf 53' lang='lat'>-</span> <span class='ocrx_word' id='word_1_235' title='bbox 1637 2253 1663 2293; x_wconf 90' lang='lat'>8</span> <span class='ocrx_word' id='word_1_236' title='bbox 1701 2249 1877 2294; x_wconf 80' lang='lat' dir='ltr'><strong>statuet</strong></span> 
     </span>
     <span class='ocr_line' id='line_1_29' title="bbox 187 2307 1875 2393; baseline 0.002 -42"><span class='ocrx_word' id='word_1_237' title='bbox 187 2308 263 2379; x_wconf 83' lang='lat' dir='ltr'><strong>vel</strong></span> <span class='ocrx_word' id='word_1_238' title='bbox 290 2320 338 2389; x_wconf 80' lang='lat' dir='ltr'><strong>1c,</strong></span> <span class='ocrx_word' id='word_1_239' title='bbox 372 2308 540 2352; x_wconf 82' lang='lat' dir='ltr'><strong>statmt</strong></span> <span class='ocrx_word' id='word_1_240' title='bbox 571 2310 619 2352; x_wconf 83' lang='lat' dir='ltr'><strong>et</strong></span> <span class='ocrx_word' id='word_1_241' title='bbox 642 2323 690 2364; x_wconf 92' lang='grc' dir='ltr'><strong>Ρ.</strong></span> <span class='ocrx_word' id='word_1_242' title='bbox 832 2315 885 2353; x_wconf 91' lang='grc'>10</span> <span class='ocrx_word' id='word_1_243' title='bbox 918 2311 1043 2367; x_wconf 88' lang='lat' dir='ltr'><strong>quod</strong></span> <span class='ocrx_word' id='word_1_244' title='bbox 1074 2309 1200 2367; x_wconf 85' lang='lat' dir='ltr'><strong>greci</strong></span> <span class='ocrx_word' id='word_1_245' title='bbox 1231 2323 1314 2354; x_wconf 87' lang='lat' dir='ltr'><strong>om.</strong></span> <span class='ocrx_word' id='word_1_246' title='bbox 1347 2323 1382 2353; x_wconf 81' lang='lat' dir='ltr'><strong>e.</strong></span> <span class='ocrx_word' id='word_1_247' title='bbox 1527 2307 1805 2393; x_wconf 57' lang='lat' dir='ltr'><strong>⁰d⁰d⁰¹⁵¹32³⁸¹</strong></span> <span class='ocrx_word' id='word_1_248' title='bbox 1836 2322 1875 2363; x_wconf 83' lang='lat' dir='ltr'><strong>c,</strong></span> 
     </span>
    </p>
   </div>
   <div class='ocr_carea' id='block_1_5' title="bbox 186 2396 1877 2572">
    <p class='ocr_par' dir='ltr' id='par_1_13' title="bbox 186 2396 1877 2572">
     <span class='ocr_line' id='line_1_30' title="bbox 186 2396 1873 2466; baseline 0 -26"><span class='ocrx_word' id='word_1_249' title='bbox 186 2396 300 2440; x_wconf 75' lang='lat' dir='ltr'><strong>adot</strong></span> <span class='ocrx_word' id='word_1_250' title='bbox 314 2397 450 2440; x_wconf 77' lang='lat' dir='ltr'><strong>mitia.</strong></span> <span class='ocrx_word' id='word_1_251' title='bbox 472 2410 522 2453; x_wconf 94' lang='grc' dir='ltr'><strong>Ρ.</strong></span> <span class='ocrx_word' id='word_1_252' title='bbox 660 2398 707 2440; x_wconf 80' lang='lat' dir='ltr'><strong>et</strong></span> <span class='ocrx_word' id='word_1_253' title='bbox 736 2397 861 2454; x_wconf 90' lang='lat' dir='ltr'><strong>ging.</strong></span> <span class='ocrx_word' id='word_1_254' title='bbox 888 2412 938 2454; x_wconf 89' lang='grc' dir='ltr'><strong>Ρ.</strong></span> <span class='ocrx_word' id='word_1_255' title='bbox 1078 2403 1130 2442; x_wconf 96' lang='grc'><strong>11</strong></span> <span class='ocrx_word' id='word_1_256' title='bbox 1165 2396 1468 2466; x_wconf 67' lang='lat' dir='ltr'><strong>sanguinosas</strong></span> <span class='ocrx_word' id='word_1_257' title='bbox 1492 2410 1541 2452; x_wconf 88' lang='grc' dir='ltr'><strong>Ρ.</strong></span> <span class='ocrx_word' id='word_1_258' title='bbox 1687 2397 1730 2440; x_wconf 86' lang='lat' dir='ltr'><strong>d&#39;</strong></span> <span class='ocrx_word' id='word_1_259' title='bbox 1747 2396 1873 2441; x_wconf 56' lang='grc' dir='ltr'><strong>[ππ</strong></span> 
     </span>
     <span class='ocr_line' id='line_1_31' title="bbox 187 2455 1877 2514; baseline 0 -15"><span class='ocrx_word' id='word_1_260' title='bbox 187 2455 443 2510; x_wconf 80' lang='lat' dir='ltr'><strong>(vesatione</strong></span> <span class='ocrx_word' id='word_1_261' title='bbox 475 2457 607 2511; x_wconf 81' lang='lat' dir='ltr'><strong>corr.)</strong></span> <span class='ocrx_word' id='word_1_262' title='bbox 631 2469 680 2511; x_wconf 92' lang='grc' dir='ltr'><strong>Ρ.</strong></span> <span class='ocrx_word' id='word_1_263' title='bbox 829 2461 880 2499; x_wconf 84' lang='lat'><strong>12</strong></span> <span class='ocrx_word' id='word_1_264' title='bbox 914 2457 1071 2514; x_wconf 83' lang='lat' dir='ltr'><strong>nigras</strong></span> <span class='ocrx_word' id='word_1_265' title='bbox 1104 2471 1148 2512; x_wconf 83' lang='lat' dir='ltr'><strong>c,</strong></span> <span class='ocrx_word' id='word_1_266' title='bbox 1180 2457 1241 2502; x_wconf 89' lang='lat' dir='ltr'><strong>ni.</strong></span> <span class='ocrx_word' id='word_1_267' title='bbox 1276 2457 1376 2513; x_wconf 79' lang='lat' dir='ltr'><strong>(sic)</strong></span> <span class='ocrx_word' id='word_1_268' title='bbox 1400 2470 1450 2512; x_wconf 91' lang='grc' dir='ltr'><strong>Ρ.</strong></span> <span class='ocrx_word' id='word_1_269' title='bbox 1601 2455 1877 2500; x_wconf 81' lang='lat' dir='ltr'><strong>incandidat</strong></span> 
     </span>
     <span class='ocr_line' id='line_1_32' title="bbox 187 2514 1873 2572; baseline 0.001 -14"><span class='ocrx_word' id='word_1_270' title='bbox 187 2527 230 2558; x_wconf 90' lang='lat' dir='ltr'><strong>c·</strong></span> <span class='ocrx_word' id='word_1_271' title='bbox 263 2514 483 2559; x_wconf 76' lang='lat' dir='ltr'><strong>candidat</strong></span> <span class='ocrx_word' id='word_1_272' title='bbox 506 2529 555 2570; x_wconf 91' lang='grc' dir='ltr'><em>Ρ</em></span> <span class='ocrx_word' id='word_1_273' title='bbox 680 2519 733 2558; x_wconf 89' lang='grc'>13</span> <span class='ocrx_word' id='word_1_274' title='bbox 767 2516 814 2559; x_wconf 77' lang='lat' dir='ltr'><strong>et</strong></span> <span class='ocrx_word' id='word_1_275' title='bbox 845 2516 1004 2560; x_wconf 81' lang='lat' dir='ltr'><strong>dentes</strong></span> <span class='ocrx_word' id='word_1_276' title='bbox 1036 2530 1104 2572; x_wconf 81' lang='grc' dir='ltr'><strong>οΡ.</strong></span> <span class='ocrx_word' id='word_1_277' title='bbox 1252 2520 1307 2559; x_wconf 84' lang='grc'>14</span> <span class='ocrx_word' id='word_1_278' title='bbox 1338 2516 1381 2568; x_wconf 69' lang='lat' dir='ltr'>R</span> <span class='ocrx_word' id='word_1_279' title='bbox 1411 2528 1480 2571; x_wconf 77' lang='lat' dir='ltr'><strong>cp.</strong></span> <span class='ocrx_word' id='word_1_280' title='bbox 1619 2514 1873 2570; x_wconf 80' lang='lat' dir='ltr'><strong>specularis</strong></span> 
     </span>
    </p>
   </div>
   <div class='ocr_carea' id='block_1_6' title="bbox 182 2570 1873 2895">
    <p class='ocr_par' dir='ltr' id='par_1_14' title="bbox 182 2570 1873 2895">
     <span class='ocr_line' id='line_1_33' title="bbox 185 2570 1871 2675; baseline 0 -29"><span class='ocrx_word' id='word_1_281' title='bbox 185 2602 278 2646; x_wconf 85' lang='lat' dir='ltr'><strong>assi</strong></span> <span class='ocrx_word' id='word_1_282' title='bbox 310 2603 384 2658; x_wconf 81' lang='lat' dir='ltr'><strong>(cf.</strong></span> <span class='ocrx_word' id='word_1_283' title='bbox 417 2616 452 2648; x_wconf 83' lang='lat' dir='ltr'><strong>c.</strong></span> <span class='ocrx_word' id='word_1_284' title='bbox 487 2605 586 2657; x_wconf 82' lang='lat'>39):</span> <span class='ocrx_word' id='word_1_285' title='bbox 621 2603 868 2658; x_wconf 82' lang='lat' dir='ltr'><strong>spedanasi</strong></span> <span class='ocrx_word' id='word_1_286' title='bbox 899 2617 944 2657; x_wconf 88' lang='lat' dir='ltr'><strong>c,</strong></span> <span class='ocrx_word' id='word_1_287' title='bbox 975 2599 1142 2675; x_wconf 70' lang='lat' dir='ltr'><strong>spela(-</strong></span> <span class='ocrx_word' id='word_1_288' title='bbox 1146 2604 1218 2649; x_wconf 82' lang='lat' dir='ltr'><strong>lar</strong></span> <span class='ocrx_word' id='word_1_289' title='bbox 1234 2619 1344 2662; x_wconf 85' lang='lat' dir='ltr'><strong>,sp</strong></span> <span class='ocrx_word' id='word_1_290' title='bbox 1340 2570 1423 2648; x_wconf 89' lang='lat' dir='ltr'><strong>lela</strong></span> <span class='ocrx_word' id='word_1_291' title='bbox 1445 2608 1504 2659; x_wconf 68' lang='lat' dir='ltr'><strong>pe</strong></span> <span class='ocrx_word' id='word_1_292' title='bbox 1534 2616 1626 2659; x_wconf 75' lang='grc' dir='ltr'><em>Ρνο</em></span> <span class='ocrx_word' id='word_1_293' title='bbox 1665 2603 1871 2659; x_wconf 79' lang='lat' dir='ltr'><strong>splena?)</strong></span> 
     </span>
     <span class='ocr_line' id='line_1_34' title="bbox 186 2661 1873 2720; baseline 0 -16"><span class='ocrx_word' id='word_1_294' title='bbox 186 2675 340 2705; x_wconf 85' lang='lat' dir='ltr'><strong>assum</strong></span> <span class='ocrx_word' id='word_1_295' title='bbox 363 2676 413 2718; x_wconf 92' lang='grc' dir='ltr'><em>Ρ.</em></span> <span class='ocrx_word' id='word_1_296' title='bbox 538 2665 591 2705; x_wconf 88' lang='grc'><strong>15</strong></span> <span class='ocrx_word' id='word_1_297' title='bbox 624 2661 818 2706; x_wconf 75' lang='lat' dir='ltr'><strong>mastice</strong></span> <span class='ocrx_word' id='word_1_298' title='bbox 851 2676 898 2718; x_wconf 85' lang='lat' dir='ltr'><strong>c,</strong></span> <span class='ocrx_word' id='word_1_299' title='bbox 932 2678 1014 2707; x_wconf 80' lang='grc' dir='ltr'><strong>-ο</strong></span> <span class='ocrx_word' id='word_1_300' title='bbox 1043 2678 1094 2720; x_wconf 91' lang='grc' dir='ltr'><em>Ρ.</em></span> <span class='ocrx_word' id='word_1_301' title='bbox 1247 2663 1437 2707; x_wconf 86' lang='lat' dir='ltr'><strong>alumen</strong></span> <span class='ocrx_word' id='word_1_302' title='bbox 1466 2661 1668 2719; x_wconf 85' lang='lat' dir='ltr'><strong>liparum</strong></span> <span class='ocrx_word' id='word_1_303' title='bbox 1700 2661 1873 2705; x_wconf 81' lang='lat' dir='ltr'><strong>siccum</strong></span> 
     </span>
     <span class='ocr_line' id='line_1_35' title="bbox 186 2720 1873 2777; baseline 0.001 -14"><span class='ocrx_word' id='word_1_304' title='bbox 186 2721 233 2764; x_wconf 80' lang='lat' dir='ltr'><strong>et</strong></span> <span class='ocrx_word' id='word_1_305' title='bbox 262 2720 425 2764; x_wconf 86' lang='lat' dir='ltr'><strong>folium</strong></span> <span class='ocrx_word' id='word_1_306' title='bbox 455 2725 483 2771; x_wconf 80' lang='lat'>3</span> <span class='ocrx_word' id='word_1_307' title='bbox 516 2721 536 2763; x_wconf 93' lang='lat' dir='ltr'>I</span> <span class='ocrx_word' id='word_1_308' title='bbox 569 2721 702 2776; x_wconf 85' lang='lat' dir='ltr'><strong>(corr.</strong></span> <span class='ocrx_word' id='word_1_309' title='bbox 736 2720 839 2776; x_wconf 93' lang='lat' dir='ltr'>IIII)</span> <span class='ocrx_word' id='word_1_310' title='bbox 865 2735 915 2777; x_wconf 88' lang='grc' dir='ltr'><em>Ρ.</em></span> <span class='ocrx_word' id='word_1_311' title='bbox 1042 2727 1094 2767; x_wconf 86' lang='grc'>16</span> <span class='ocrx_word' id='word_1_312' title='bbox 1128 2723 1257 2767; x_wconf 76' lang='lat' dir='ltr'><strong>utere</strong></span> <span class='ocrx_word' id='word_1_313' title='bbox 1289 2736 1325 2767; x_wconf 87' lang='lat' dir='ltr'><strong>c.</strong></span> <span class='ocrx_word' id='word_1_314' title='bbox 1457 2726 1508 2765; x_wconf 82' lang='grc'>17</span> <span class='ocrx_word' id='word_1_315' title='bbox 1545 2720 1595 2765; x_wconf 80' lang='lat' dir='ltr'><strong>Si</strong></span> <span class='ocrx_word' id='word_1_316' title='bbox 1627 2733 1873 2765; x_wconf 80' lang='lat' dir='ltr'><strong>cancerosa.</strong></span> 
     </span>
     <span class='ocr_line' id='line_1_36' title="bbox 183 2779 1871 2836; baseline 0 -14"><span class='ocrx_word' id='word_1_317' title='bbox 183 2791 293 2822; x_wconf 87' lang='lat' dir='ltr'><strong>vero</strong></span> <span class='ocrx_word' id='word_1_318' title='bbox 323 2794 367 2824; x_wconf 90' lang='lat' dir='ltr'><strong>u.</strong></span> <span class='ocrx_word' id='word_1_319' title='bbox 399 2793 433 2824; x_wconf 86' lang='lat' dir='ltr'><strong>c.</strong></span> <span class='ocrx_word' id='word_1_320' title='bbox 579 2779 703 2835; x_wconf 91' lang='lat' dir='ltr'><strong>quod</strong></span> <span class='ocrx_word' id='word_1_321' title='bbox 735 2780 812 2835; x_wconf 67' lang='lat' dir='ltr'><strong>(q7)</strong></span> <span class='ocrx_word' id='word_1_322' title='bbox 844 2793 879 2823; x_wconf 83' lang='lat' dir='ltr'><strong>e.</strong></span> <span class='ocrx_word' id='word_1_323' title='bbox 1021 2785 1074 2825; x_wconf 91' lang='lat'><strong>18</strong></span> <span class='ocrx_word' id='word_1_324' title='bbox 1109 2781 1352 2826; x_wconf 83' lang='lat' dir='ltr'><strong>carcinode</strong></span> <span class='ocrx_word' id='word_1_325' title='bbox 1385 2795 1422 2836; x_wconf 87' lang='lat' dir='ltr'><strong>c,</strong></span> <span class='ocrx_word' id='word_1_326' title='bbox 1457 2780 1606 2824; x_wconf 85' lang='lat' dir='ltr'><strong>-don</strong></span> <span class='ocrx_word' id='word_1_327' title='bbox 1629 2794 1679 2836; x_wconf 93' lang='grc' dir='ltr'><em>Ρ.</em></span> <span class='ocrx_word' id='word_1_328' title='bbox 1813 2783 1871 2822; x_wconf 83' lang='grc'><strong>20</strong></span> 
     </span>
     <span class='ocr_line' id='line_1_37' title="bbox 182 2837 1542 2895; baseline 0.001 -15"><span class='ocrx_word' id='word_1_329' title='bbox 182 2838 358 2894; x_wconf 85' lang='lat' dir='ltr'><strong>pudore</strong></span> <span class='ocrx_word' id='word_1_330' title='bbox 390 2851 426 2894; x_wconf 87' lang='lat' dir='ltr'><strong>c,</strong></span> <span class='ocrx_word' id='word_1_331' title='bbox 460 2842 567 2882; x_wconf 71' lang='lat' dir='ltr'><strong>—re</strong></span> <span class='ocrx_word' id='word_1_332' title='bbox 592 2852 641 2894; x_wconf 92' lang='grc' dir='ltr'><em>Ρ.</em></span> <span class='ocrx_word' id='word_1_333' title='bbox 763 2837 946 2883; x_wconf 83' lang='lat' dir='ltr'><strong>adiecta</strong></span> <span class='ocrx_word' id='word_1_334' title='bbox 961 2853 1012 2895; x_wconf 85' lang='grc' dir='ltr'><strong>Ρ.</strong></span> <span class='ocrx_word' id='word_1_335' title='bbox 1134 2844 1189 2883; x_wconf 83' lang='lat'><strong>21</strong></span> <span class='ocrx_word' id='word_1_336' title='bbox 1216 2840 1448 2885; x_wconf 78' lang='lat' dir='ltr'><strong>cacexiam</strong></span> <span class='ocrx_word' id='word_1_337' title='bbox 1475 2853 1542 2895; x_wconf 81' lang='grc' dir='ltr'><strong>οΡ.</strong></span> 
     </span>
    </p>
   </div>
  </div>
 </body>
</html>
