2004 3186
752 109 1150 162 —207—

125 224 240 280 plar
295 222 556 267 Parisiense
601 223 742 266 altero
787 223 908 267 anti·

131 283 312 327 dotario
353 283 403 337 (i.
441 295 475 326 e.
523 281 639 325 libro
683 281 771 338 11)
802 285 909 337 post

132 341 304 385 indicis
320 340 526 398 capitula
541 343 600 386 81
625 339 724 384 sine
746 340 908 383 discri-

130 400 251 444 mine
282 404 468 444 auctum
497 411 638 455 usque
668 398 732 442 ad
762 398 796 453 f.
821 396 908 442 90b

129 459 215 502 nbi
254 458 453 515 Expleto
492 457 614 502 libro
652 455 906 500 referamus

132 517 335 574 gratiam
394 516 568 562 christo
623 541 680 548 —
733 520 815 559 aut
866 517 908 559 ei

130 577 414 620 simillimum
455 579 580 631 (swnt
626 575 745 619 enim
790 588 908 630 quae

129 648 226 678 non
246 635 537 691 reperiantur
566 634 619 678 in
647 647 753 690 app.
778 633 905 687 Par„

130 695 251 737 velut
281 707 396 750 qnae
418 694 532 738 citat
555 692 715 737 Simon
737 705 772 736 s.
805 691 902 736 dia-

131 751 407 808 diptamum‚
440 750 694 810 gerontica‚
718 751 904 805 ibiscus‚

130 811 262 855 leuce
295 810 634 868 diapsimitium
665 814 762 865 etc„
798 814 906 854 swnt

130 871 266 914 etiam
311 884 427 926 quae
469 883 564 914 non
604 869 906 925 respondeant

131 929 398 973 lectionibus
450 929 546 973 cod.
598 928 732 984 Par.,
784 928 905 972 velut

129 988 365 1032 menticon
414 989 534 1032 illud
580 987 782 1031 Simonis
827 988 903 1043 (=

129 1046 361 1091 mentiton
399 1049 464 1103 οἱ)
504 1060 594 1103 pro
632 1045 901 1090 rinenciton.

129 1106 187 1160 ef.
219 1119 254 1150 s.
287 1106 608 1151 acrocordines
639 1109 716 1149 ete.

98 1162 324 1210 ἴονθοιε
355 1165 474 1209 ionti
505 1163 690 1220 (hionti)
716 1185 771 1200 =
796 1164 902 1220 (tit.)

128 1225 338 1280 papillae
354 1237 474 1281 quae
489 1225 539 1267 in
555 1223 692 1268 vultu
705 1236 902 1266 nascun-

128 1284 207 1326 tur
239 1288 278 1328 7.

98 1338 385 1398 ἴσχαιμοςε
411 1341 507 1398 (dia.
530 1341 746 1397 sfongon)
772 1339 901 1384 sche-

130 1414 241 1444 mon
279 1401 331 1444 id
362 1403 432 1445 est
457 1437 466 1446 .
494 1433 503 1443 .
531 1435 542 1444 .
565 1399 768 1444 retinens
801 1412 902 1442 san-

127 1459 316 1516 guinem
375 1466 447 1504 30.
523 1456 904 1515 anagargarisma

128 1518 349 1562 schemon
380 1521 465 1575 (90,
504 1531 690 1562 scemon
722 1516 834 1561 Sim.
865 1529 902 1560 s.

130 1579 193 1633 v.)
217 1578 503 1635 appellatum
530 1577 579 1621 id
604 1578 677 1621 est
698 1576 902 1619 retinens

127 1637 400 1693 sanguinem
432 1641 502 1681 39.

97 1693 306 1751 ἰσχίονε
333 1697 382 1739 et
405 1697 478 1739 est
493 1694 696 1739 sciadica
712 1692 900 1751 (—tica)

127 1754 337 1798 causatio
397 1754 447 1797 in
499 1753 715 1798 vertebro
775 1751 901 1808 quod

128 1813 294 1858 Graeci
334 1813 488 1857 uoxile
529 1813 613 1869 (sic
652 1825 674 1855 c
713 1815 754 1855 et
788 1811 898 1855 Sim.

126 1885 161 1916 8.
208 1885 275 1926 v.‚
325 1871 470 1916 coxile
510 1876 564 1927 p)
610 1871 782 1915 vocant
828 1874 898 1912 53.

127 1931 186 1985 cf.
211 1931 322 1975 Sim.
356 1946 389 1975 s.
422 1930 603 1974 ischion
633 1929 899 1973 vertebrum

126 1990 222 2034 scia
290 1990 572 2046 (vertebrum
633 2009 689 2025 =
752 1986 899 2043 ἰσχίον

128 2048 248 2093 Cael.
263 2083 274 2104 ‚
313 2049 635 2093 vertebrorum
664 2061 705 2092 v.
738 2048 766 2091 l.
797 2059 898 2090 ver-

125 2107 382 2152 tibulorum
408 2121 513 2153 ossa
544 2128 600 2144 ==
631 2106 740 2161 scia,
774 2104 899 2161 ἰσχία

127 2167 245 2212 Isid.
280 2171 321 2222 4,
358 2172 399 2222 7,
431 2169 523 2222 29).

96 2223 381 2284 ἰσχουρίας
437 2225 589 2270 scuria
641 2225 714 2281 (cp
769 2223 899 2279 Sim.)

125 2285 174 2328 id
223 2289 295 2330 est
341 2298 397 2328 ex
448 2286 548 2329 toto
603 2284 765 2327 urinae
819 2283 898 2326 ab-

127 2343 349 2388 stinentia
391 2349 462 2388 46.
534 2343 594 2387 ad
643 2343 797 2386 colum
852 2342 900 2386 et

124 2402 344 2446 isauriam
384 2403 527 2458 (codd.
568 2401 809 2453 disuriam)
849 2400 899 2444 id

127 2462 195 2505 est
226 2461 387 2505 urinae
419 2460 752 2505 abstinentiam
784 2463 854 2503 51.

95 2516 485 2589 καθημερινὸς
515 2545 571 2551 -
605 2519 698 2564 vid.
739 2515 896 2576 ἄμφη-

125 2595 326 2636 μερινος.

93 2638 211 2682 καὶε
252 2651 303 2682 ce
340 2638 415 2694 (=
447 2637 513 2693 et)
556 2642 609 2682 71
644 2662 700 2669 -
734 2637 790 2691 cf.
833 2651 895 2680 σι-

124 2693 289 2752 τώὸης.

92 2755 404 2812 κακοήθηςζ
445 2754 494 2798 in
525 2754 895 2811 aegritudinibus

123 2814 340 2871 malignis
351 2828 466 2870 quas
477 2813 643 2858 Graeci
653 2814 894 2858 cacoethes

1024 225 1320 281 (cachoethes
1347 239 1382 282 c,
1407 226 1714 272 chachohetes
1734 230 1786 283 p)

1022 282 1277 339 appellant.
1325 297 1378 340 cp
1412 289 1481 329 17.

990 338 1329 398 κακόχυμος,
1358 342 1696 400 κακοχυμὶαε
1737 342 1788 387 in

1020 400 1277 457 cacoeymis
1302 403 1359 458 (9,
1385 401 1574 446 —cimis
1597 403 1668 458 cp)
1689 415 1786 446 cor-

1018 459 1207 516 poribus
1244 458 1294 502 id
1332 462 1403 504 est
1432 461 1557 505 malo
1594 461 1786 505 humore

1018 517 1240 575 possessis
1302 523 1372 565 26.
1464 519 1523 563 ad.
1582 519 1788 563 humoris

1016 575 1362 634 malignitatem
1401 591 1540 634 quam
1576 576 1786 633 cacoqui-

1016 638 1158 680 miam
1207 636 1252 691 (a
1266 671 1278 691 ‚
1325 636 1684 693 captochimiam
1727 637 1786 692 p)

1015 696 1188 739 vocant
1218 699 1289 738 42.

986 753 1318 808 καλαμίνθη
1330 763 1343 797 :
1361 754 1577 810 nepetam
1588 752 1785 798 viridem

1017 826 1156 868 quam
1182 811 1462 856 calaminten
1484 811 1720 867 (—mitem
1729 814 1787 869 p)

1016 873 1189 916 vocant
1211 884 1248 926 p
1279 875 1351 914 43.
1406 871 1463 925 cf.
1497 870 1674 927 Garqit.
1706 875 1786 916 23.

986 929 1359 987 καρκινώδηςτ
1422 942 1666 974 cancerosa
1717 929 1785 973 ul-

1017 988 1189 1034 ceratio
1217 1025 1227 1034 .
1254 1024 1264 1033 .
1290 1023 1301 1032 .
1327 987 1619 1045 gingivarum
1644 1001 1785 1045 quam

1017 1047 1183 1092 Graeci
1215 1047 1490 1093 carcinoden
1512 1050 1682 1091 vocant
1712 1052 1783 1090 32.

985 1122 1341 1179 καρκίνωμαε
1387 1121 1447 1164 ad
1494 1120 1649 1165 omnia
1687 1133 1786 1164 car-

1016 1182 1251 1225 cinomata
1288 1179 1451 1224 matris
1490 1179 1538 1223 id
1575 1180 1647 1222 est
1677 1192 1786 1222 can-

1015 1253 1173 1284 cerosa
1206 1244 1274 1284 79.

984 1297 1354 1356 καρφολογὶαε
1432 1296 1682 1352 aliquando
1759 1309 1784 1339 e

1014 1357 1272 1413 parietibus
1349 1355 1544 1412 stipulas
1619 1355 1787 1411 legunt

1015 1415 1287 1471 (frenetici),
1327 1414 1452 1470 quod.
1482 1413 1648 1458 Graeci
1685 1426 1783 1456 car-

1014 1473 1224 1531 fologian
1277 1473 1519 1530 appellant
1572 1478 1641 1517 62.
1724 1471 1782 1525 cf.

1018 1533 1136 1577 Cael.
1178 1546 1251 1577 ox.
1286 1537 1333 1587 1,
1366 1536 1434 1576 21.
1476 1535 1532 1575 48
1573 1530 1782 1588 (earpho-

1014 1592 1184 1649 logiam
1227 1603 1345 1648 quae
1384 1591 1456 1634 est
1498 1589 1783 1633 festucamm

1013 1651 1186 1695 levium
1211 1663 1240 1693 a
1257 1648 1515 1707 parietibus
1530 1647 1681 1692 veluti
1705 1647 1781 1690 de-

1012 1708 1216 1765 tractio).

983 1764 1154 1813 xawz:
1200 1763 1322 1812 κατὰ
1371 1764 1422 1810 ἕν
1469 1792 1524 1798 ——
1570 1766 1663 1810 vid.
1715 1762 1779 1809 ἕν.

982 1833 1104 1885 κατ’
1129 1829 1266 1897 lgm:
1291 1840 1331 1884 si
1342 1854 1436 1884 una
1451 1853 1557 1897 pars
1574 1837 1782 1882 faucium

1010 1900 1256 1956 tumuerit,
1289 1913 1345 1944 ex
1366 1898 1468 1956 ipsa
1491 1898 1626 1955 parte
1657 1896 1784 1953 quod

1013 1959 1177 2004 Graeci
1207 1958 1365 2002 atexin
1398 1960 1488 2014 (910,
1529 1958 1556 2001 l.
1590 1954 1781 2009 catixin)

1011 2019 1204 2073 vocant,
1258 2017 1306 2060 in
1351 2015 1543 2060 brachio
1590 2014 1780 2066 fleboto-

1011 2090 1139 2120 mare
1171 2081 1242 2121 37.

981 2146 1124 2194 κατὰ
1173 2147 1366 2206 λόγοντ
1415 2134 1664 2192 secundum
1710 2158 1780 2189 ra-

1011 2210 1192 2253 tionem
1236 2222 1397 2252 curare
1444 2206 1570 2262 quod
1615 2203 1781 2249 Graeci

1013 2268 1262 2324 catalogon
1274 2266 1514 2324 appellant
1535 2269 1604 2307 20.
1621 2268 1689 2308 26.
1706 2267 1775 2306 27.

979 2338 1123 2386 κατὰ
1162 2337 1475 2397 σύμφυσινε
1517 2337 1690 2382 scrofas
1708 2371 1717 2380 .
1738 2369 1748 2378 .
1767 2370 1776 2379 .

1011 2400 1393 2445 connaturatione
1441 2397 1603 2440 infixas
1654 2393 1778 2449 quod

1011 2459 1176 2504 Graeci
1201 2460 1305 2503 cata,
1328 2456 1504 2502 sinfisin
1519 2454 1689 2499 vocant
1705 2456 1775 2494 26.

1012 2519 1069 2573 cf.
1094 2518 1407 2562 Demosthenes
1434 2528 1506 2570 ap.
1533 2513 1642 2557 Sim.
1675 2524 1708 2555 s,
1735 2523 1775 2553 v.

980 2570 1118 2621 καθ’
1163 2570 1496 2633 ὑπόρρυσινε
1543 2571 1684 2615 etiam
1730 2570 1778 2612 et

1011 2649 1166 2680 scema
1181 2633 1362 2679 iacendi
1377 2629 1660 2689 patientibus
1678 2626 1777 2670 tale

1010 2708 1110 2738 esse
1132 2694 1317 2750 oportet
1339 2693 1392 2735 ut
1415 2701 1595 2744 semper
1618 2688 1777 2753 (super

1009 2753 1155 2807 codd.)
1224 2750 1447 2796 orificium
1509 2745 1777 2803 pendlglms

1006 2811 1159 2855 iusum
1189 2810 1393 2854 meatum
1425 2805 1618 2859 habeat,
1652 2801 1774 2858 quod
