2004 3186
763 100 1158 154 —185—

116 220 271 270 moles
310 220 524 270 manuali
563 218 713 286 mola,
760 225 810 269 et
856 221 927 269 sic
970 221 1021 269 in
1061 235 1160 270 uno
1200 221 1555 272 commiscebiS.
1617 238 1799 288 coques

116 296 170 344 in
208 296 320 344 vino
361 300 412 344 et
449 307 604 359 aquae
643 292 836 342 modico
877 299 927 343 et
958 292 1090 360 oleo,
1129 300 1179 344 et
1217 295 1413 344 sacculo
1451 295 1657 346 inclusis
1694 297 1802 346 loca

118 383 244 433 quae
289 370 555 433 patiuntur
595 365 876 433 vaporabiS‚
924 373 974 417 et
1020 366 1193 417 subter
1247 383 1531 433 perungues
1569 369 1677 419 oleo
1727 372 1799 419 in—

117 441 272 491 ferius
312 443 521 507 scripto,
567 446 618 489 et
666 446 781 505 post
818 442 1185 506 vaporationem
1223 441 1490 491 adhibitam
1530 442 1635 492 loca
1674 449 1800 493 tuta-

116 513 195 564 his
228 521 279 564 et
315 513 556 564 fasciabiS.
620 513 751 578 quod
791 520 956 563 autem
987 513 1152 564 oleum
1184 515 1443 565 conficitur
1479 517 1564 565 sic.
1625 518 1802 581 recipit
1823 528 1845 560 5

116 589 397 638 cucumeris
431 588 658 652 >agrestis
704 586 884 636 radicis
928 588 1099 637 viridis
1144 601 1204 640 -1—
1249 588 1332 655 VI,
1378 590 1605 639 afronitri
1644 600 1705 639 -ζ-
1742 589 1802 655 11,

117 661 346 711 aluminis
383 661 528 726 lipari
564 671 624 711 ÷
662 659 706 726 Ι,
746 660 842 710 olei
886 660 1036 710 libras
1074 661 1119 711 Π
1151 662 1199 713 S.
1269 662 1486 711 radicem
1525 664 1802 712 minutatim

114 734 305 785 incides
355 741 406 784 et
444 734 591 784 simul
637 748 750 783 cum
798 734 904 783 aliis
951 734 1213 800 speciebus
1260 750 1444 800 coques
1494 737 1546 785 in
1595 735 1702 785 oleo
1754 742 1804 785 et

116 814 254 859 aceto
294 808 452 857 donec
492 807 656 858 oleum
695 814 968 874 remaneat,
1011 815 1062 858 et
1099 811 1271 859 uteris.

265 883 401 947 potio
435 881 494 931 ad
532 881 793 947 hydropes.
856 881 1087 932 absinthii
1119 883 1288 932 viridis
1328 884 1551 933 turiones
1585 883 1802 932 minores
1826 896 1869 927 10

116 971 325 1006 numero
374 970 460 1005 sex
509 962 559 1005 et
603 955 777 1004 florem
817 957 984 1020 spinae
1025 955 1160 1005 albae
1208 956 1469 1021 diligenter
1514 963 1647 1006 teres
1690 971 1804 1006 cum

115 1031 304 1096 piperis
343 1030 509 1094 granis
547 1027 662 1095 XII,
701 1035 751 1078 et
789 1029 966 1078 diurna
1004 1031 1204 1095 potione
1243 1031 1344 1079 vini
1379 1032 1564 1079 veteris

116 1102 255 1153 dahis
305 1102 471 1153 triduo
520 1108 605 1152 aut
651 1117 741 1168 per
788 1102 894 1153 dies
940 1102 992 1151 V.
1040 1110 1090 1153 et
1134 1118 1226 1168 per
1280 1103 1500 1168 singulos
1552 1103 1657 1153 dies
1708 1103 1804 1153 hoc

115 1177 281 1227 facies,

266 1250 558 1316 cataplasma
604 1249 888 1316 hydropicis
935 1251 1247 1302 conveniens,
1318 1252 1463 1300 etiam
1510 1255 1561 1298 et
1614 1249 1803 1315 splene·
1829 1262 1872 1295 15

116 1326 229 1374 ticis
279 1325 463 1390 optime
514 1324 645 1373 facit.
732 1325 912 1388 recipit
962 1325 1186 1388 capparis
1244 1323 1436 1372 radices
1491 1325 1669 1390 siccas,
1724 1323 1804 1373 ab-

116 1397 288 1447 sinthii
341 1412 553 1464 cymam,
607 1399 883 1464 cuminum,
943 1396 1090 1446 bacas
1144 1396 1293 1463 lauri,
1357 1397 1487 1446 faeni
1539 1398 1703 1462 graeci
1756 1403 1806 1446 et

115 1470 291 1521 hordei
343 1470 592 1536 pollinem.
665 1473 828 1520 omnia
879 1470 1059 1521 tundes
1111 1477 1160 1520 et
1214 1486 1399 1535 coques
1451 1471 1503 1519 in
1558 1470 1702 1519 melle
1757 1477 1807 1520 et

117 1551 278 1612 acet0‚
329 1551 379 1594 et
429 1559 647 1610 appones
698 1544 756 1593 ad
803 1559 1059 1609 vesperam
1107 1550 1157 1594 et
1213 1546 1346 1593 sines
1390 1550 1544 1593 totam
1594 1550 1805 1610 noctem,

116 1633 260 1668 mane
299 1633 416 1667 vero
455 1618 685 1668 mutabis,
747 1618 841 1667 hoc
881 1619 1170 1683 frequenter
1209 1618 1374 1667 facies,
1828 1630 1872 1662 20

266 1691 499 1757 epithima
522 1691 804 1757 hydropicis
830 1693 1144 1741 conveniens,
1185 1691 1420 1756 epithima
1443 1690 1615 1740 dicunt
1630 1689 1805 1740 Graeci

117 1765 532 1815 medicamentum
595 1764 726 1830 quod
780 1764 1032 1815 stomacho
1087 1770 1138 1814 et
1195 1764 1500 1829 praecordiis
1555 1763 1700 1813 simul
1754 1769 1805 1812 et

116 1841 280 1889 ventri
319 1844 707 1906 superponatur,
746 1853 860 1888 cum
898 1839 1050 1888 fuerit
1086 1852 1250 1903 panno
1288 1839 1561 1887 inunctum.
1628 1837 1806 1902 recipit

240 2017 262 2054 1
297 2012 345 2054 et
377 2009 442 2054 sic
473 2010 524 2054 in
552 2024 645 2055 uno
669 2024 727 2067 Ρ,
768 2011 817 2055 et
854 2009 894 2053 si
930 2023 1024 2054 uno
1064 2023 1100 2054 c.
1252 2009 1518 2053 commisces
1560 2022 1630 2065 cp.
1779 2013 1805 2052 2

116 2099 280 2144 iciusis
312 2112 355 2156 c,
387 2075 564 2154 claudis
587 2112 638 2155 Ρ.
761 2102 787 2142 3
821 2098 869 2142 et
891 2111 972 2142 om.
991 2111 1042 2154 Ρ.
1164 2102 1193 2141 4
1222 2096 1411 2142 tubabis
1442 2111 1489 2153 Ρ.
1614 2101 1640 2140 5
1664 2097 1747 2140 aiii:
1770 2109 1807 2151 c,

120 2164 148 2202 a
180 2159 297 2226 (aut)
321 2172 372 2214 Ρ.
493 2159 545 2232 R,
569 2170 611 2202 c:
645 2170 727 2202 om.
753 2171 804 2213 Ρ.
951 2161 982 2231 '6
1014 2155 1175 2201 viridis
1207 2170 1289 2201 om.
1314 2170 1365 2212 Ρ.
1518 2160 1542 2230 ’ζ
1575 2153 1737 2212 liparis
1769 2168 1806 2209 c,

120 2230 357 2321 {ffieiies
389 2216 533 2320 simii
550 2215 665 2320 ‘0350
682 2216 976 2332 ἶὲῗέἱέῑὲαξ·
992 2215 1065 2319 ἐξ·
1091 2229 1197 2318 ἓξὲξ
1216 2229 1268 2319 {²1
1410 2215 1634 2330 οέἓξῖῑὲᾱ.
1654 2227 1737 2340 f'm·
1770 2226 1806 2315 ἒ

120 2335 164 2378 (1.
197 2334 257 2380 ad
289 2335 446 2380 oleum
478 2349 514 2380 c.
640 2338 695 2378 10
726 2334 787 2379 ad
818 2347 901 2379 om.
928 2348 964 2379 c.
1084 2333 1152 2390 i(y
1169 2333 1393 2390 p)dropes
1418 2346 1512 2399 cp..
1573 2389 1583 2399 .
1606 2343 1804 2374 minores

118 2393 186 2437 VI
209 2407 268 2449 Ρ,
300 2393 503 2438 minores
527 2397 620 2438 m'io
651 2394 746 2438 tres
770 2407 806 2438 c⁴
932 2397 985 2436 12
1010 2391 1098 2435 XII
1122 2406 1166 2436 c:
1196 2392 1283 2437 VII
1303 2406 1350 2448 Ρ.
1471 2404 1516 2435 ei
1538 2390 1806 2434 diuturnam

119 2451 361 2509 potionem
387 2466 446 2508 Ρ,
479 2452 647 2496 diurna.
678 2454 727 2496 et.
758 2454 820 2509 (z)
851 2451 1090 2509 potionem
1122 2464 1158 2495 c.
1307 2448 1476 2495 veteris
1506 2454 1527 2492 ῑ
1556 2447 1718 2492 feratis
1750 2449 1806 2501 (c,

118 2511 291 2555 iferatn
317 2513 372 2568 Ρ)
403 2511 537 2556 dabis
571 2512 677 2567 (sic)
707 2525 775 2568 cp.
960 2515 1013 2554 13
1045 2509 1202 2554 triduo
1235 2534 1290 2541 —
1322 2508 1364 2553 V
1397 2522 1438 2552 c:
1483 2521 1566 2564 per
1598 2505 1695 2550 dies
1725 2504 1804 2549 III.

122 2572 206 2614 aut
235 2569 290 2615 V.
312 2583 362 2626 Ρ.
487 2574 541 2614 16
572 2569 689 2615 facit.
711 2583 755 2614 c:
789 2571 1009 2626 operatur
1036 2582 1081 2624 Ρ.
1204 2573 1259 2613 17
1293 2580 1422 2613 come
1454 2565 1612 2610 cimini
1641 2565 1805 2609 bacca-

120 2643 225 2673 rum
257 2642 292 2673 c.
419 2633 472 2674 18
505 2630 554 2674 et
582 2628 634 2672 in
655 2629 795 2673 melle
812 2643 862 2686 Ρ.
989 2632 1042 2672 19
1067 2640 1212 2683 pones
1228 2641 1277 2683 Ρ.
1400 2626 1521 2669 sines
1531 2643 1541 2691 Ξ
1575 2623 1615 2668 si
1644 2623 1714 2667 vis
1738 2635 1803 2678 cp.

120 2689 225 2732 tota.
255 2688 391 2732 nocte
424 2701 460 2732 c.
583 2691 640 2732 20
670 2701 808 2732 mane
840 2701 949 2732 vero
974 2700 1018 2731 c:
1052 2687 1101 2730 et
1130 2699 1265 2730 mane
1282 2699 1333 2741 Ρ.
1452 2683 1567 2727 facis
1591 2695 1626 2727 c.
1749 2685 1803 2723 21

122 2746 183 2790 ad
212 2746 458 2803 ydropicos
489 2760 527 2792 c.
552 2759 603 2802 Ρ.
725 2746 852 2804 greci
884 2746 1046 2790 dicunt
1067 2759 1117 2802 Ρ.
1240 2749 1295 2788 23
1320 2757 1524 2800 pannum
1554 2742 1639 2796 (sic
1662 2743 1719 2796 Ρ)
1750 2764 1805 2771 -

123 2805 299 2850 cibaria.
332 2806 417 2860 (sic
439 2809 497 2862 Ρ)
527 2818 610 2850 om.
644 2818 680 2850 c.
802 2806 844 2858 Bt
873 2819 922 2861 Ρ.
