2004 3186
782 94 1179 146 —153—

140 217 191 260 et
222 213 457 260 continuo
490 212 698 263 sudabit.
762 219 812 262 et
843 215 885 262 si
916 214 1044 264 forte
1077 216 1185 264 sitis
1216 217 1366 265 nimia
1405 231 1489 266 eos
1528 219 1826 286 astrinxerit,

140 284 381 334 rodomeli
419 300 572 350 aquae
614 286 800 336 calidae
841 287 1109 338 admixtum
1150 291 1289 353 potui
1329 289 1480 338 dabis,

288 358 419 408 aliud
474 360 533 408 ad
580 360 927 425 repulsandam
982 363 1137 428 sitim,
1193 363 1325 427 quod
1379 363 1581 428 adipson
1635 372 1824 414 vocant.

139 447 282 498 myxa
321 447 445 498 aqua
483 434 716 483 infundes
756 440 807 483 et
844 436 1001 500 ipsam
1039 435 1341 485 infusionem
1380 435 1517 507 dabis
1555 443 1611 486 ut
1648 439 1700 487 in
1740 453 1824 487 ore

140 508 426 556 contineant
464 507 767 572 frequenter.
1847 527 1871 559 5

289 579 432 630 aliud.
509 580 598 630 lini
652 584 854 631 seminis
910 598 1059 633 sucus
1115 583 1369 632 collutioni
1424 586 1524 634 oris
1579 584 1825 634 adhibitus

141 655 242 704 sive
281 660 622 704 transvoratus
661 657 794 705 sitim
834 659 1035 721 mitigat.

288 727 435 778 aliud.
498 727 594 777 olei
624 732 816 779 rosacei
848 731 1104 780 dimidium
1140 730 1436 780 coclearium
1469 738 1518 780 et
1553 733 1631 780 ovi
1662 730 1826 780 album

139 810 190 852 et
250 808 401 852 tenue
466 801 612 851 simili
674 806 946 868 quantitate
1008 803 1350 854 commiscebis
1411 811 1461 854 et
1526 804 1825 854 sorbendum

139 875 290 925 dabis.
1850 895 1894 927 10

289 949 418 999 aliud
479 950 612 1014 quod
670 952 957 1017 appellatur>
996 967 1022 1001 a
1072 951 1271 1001 Graecis
1322 951 1586 1018 oenomeli,
1640 953 1825 1001 faciens

139 1024 198 1074 ad
238 1025 440 1074 nimiam
479 1025 611 1073 sitim
651 1032 702 1075 et
739 1025 986 1075 fervorem
1025 1025 1433 1091 extinguendum,
1479 1032 1530 1075 et
1566 1026 1826 1075 conficitur

138 1100 223 1148 sic.
302 1097 463 1147 mellis
518 1099 690 1163 optimi
743 1106 935 1164 partem
986 1100 1009 1148 I
1056 1105 1106 1149 et
1157 1101 1259 1148 vini
1312 1106 1478 1164 partes
1525 1098 1567 1147 ΙΙ
1620 1101 1672 1148 in
1725 1113 1826 1148 uno

140 1171 484 1222 commiscebis
536 1178 585 1221 et
631 1187 867 1241 reponeS‚
920 1173 1099 1223 dehinc
1144 1179 1368 1238 tempore
1423 1172 1689 1222 caniculari
1736 1171 1826 1222 soli

141 1245 279 1295 dabis
319 1244 493 1295 diebus
532 1244 641 1311 XL,
680 1253 730 1296 et
766 1249 938 1297 uteris.
1149 1242 1177 1271 ⁶
1850 1261 1893 1294 15

288 1319 433 1369 aliud.
517 1319 576 1368 ad
629 1319 826 1386 linguae
878 1322 1210 1386 asperitatem.
1288 1319 1395 1368 oleo
1449 1334 1651 1368 rosaceo
1707 1333 1825 1368 suco

141 1395 343 1443 seminis
382 1393 469 1442 lini
509 1391 724 1443 admixto
763 1395 1055 1459 frequenter
1095 1393 1155 1443 de
1194 1408 1355 1459 penna
1393 1399 1578 1458 tanges

287 1466 432 1516 aliud.
495 1466 555 1515 ad
588 1482 787 1518 causon.
848 1475 1110 1534 postquam
1140 1469 1318 1534 pepsin
1350 1467 1524 1516 fecerit
1556 1464 1826 1531 aegritudo,

139 1541 218 1590 die
269 1543 441 1591 critica
488 1547 682 1606 captato
740 1549 963 1607 tempore
1020 1543 1324 1591 imminentis
1378 1541 1700 1590 discussionis
1751 1553 1825 1587 se-

139 1615 358 1664 cundum
397 1621 606 1664 aetatem
648 1623 698 1665 et
735 1618 867 1665 vires
899 1622 948 1665 et
979 1630 1154 1665 causae
1187 1613 1574 1679 magnitudinem
1613 1619 1664 1661 et
1701 1618 1824 1662 tem·
1849 1629 1894 1661 20

139 1691 275 1754 poris
330 1696 379 1738 et
426 1689 643 1752 regionis
698 1690 1006 1755 qualitatem,
1060 1689 1285 1753 frigidam
1346 1689 1491 1736 nimis
1538 1700 1711 1750 aquam
1766 1684 1825 1733 ad

142 1764 417 1812 satietatem
456 1761 719 1812 bibendam
760 1763 920 1829 dabis,
961 1770 1010 1812 et
1050 1761 1257 1811 sanabis,

263 1998 284 2036 1
310 1991 457 2037 nimia
481 1991 582 2037 sitis
598 2006 650 2049 Ρ.
774 1991 1079 2050 3(ειἰι“.>)κειζίε
1103 2005 1139 2042 c,
1172 1989 1381 2036 affecerit
1394 2004 1444 2047 Ρ.
1567 1995 1592 2034 2
1618 1989 1826 2034 rodomel

140 2068 244 2122 (sic)
275 2078 318 2111 e:
358 2079 442 2110 om.
466 2080 516 2123 Ρ.
699 2072 822 2122 aqua
861 2065 1062 2110 calidam
1093 2064 1350 2109 admixtum
1384 2078 1426 2121 c,
1468 2068 1527 2120 ac]
1559 2069 1614 2108 ca
1642 2063 1761 2107 mixi,
1774 2077 1824 2119 Ρ.

141 2131 167 2170 3
199 2125 542 2182 repausandum
573 2139 610 2170 c.
792 2125 854 2169 ad
881 2124 1017 2182 ipson
1049 2138 1094 2169 c:
1135 2124 1325 2181 ad1p6t9
1351 2137 1401 2180 Ρ.
1582 2127 1610 2165 4
1640 2122 1766 2166 mix-5,
1788 2135 1829 2179 Ρ

141 2185 306 2241 (mixas
324 2186 414 2242 Ρ),
445 2184 595 2229 mixta
617 2198 654 2230 c.
709 2185 766 2240 cf.
793 2183 936 2242 Gary.
963 2184 1208 2228 Martialis
1238 2184 1349 2227 med.
1383 2197 1418 2227 c.
1453 2187 1525 2228 59.
1646 2181 1827 2226 effusio·

138 2258 247 2288 nem
269 2257 321 2301 Ρ.
443 2247 469 2288 5
500 2243 766 2300 frequenter
797 2245 1066 2300 egrotantes
1089 2256 1141 2299 Ρ.
1277 2247 1300 2287 7
1334 2241 1374 2286 si
1405 2244 1453 2286 et
1483 2241 1559 2286 ovi
1591 2240 1826 2285 albumine

141 2305 242 2359 (om.
272 2316 331 2348 ve
362 2328 418 2335 —
453 2301 564 2347 eocl'
567 2303 607 2359 r)
639 2317 674 2348 c.
812 2306 840 2347 8
871 2302 1030 2347 album
1054 2315 1112 2358 p:
1146 2301 1380 2346 albumine
1413 2315 1448 2347 c.
1570 2304 1595 2343 9
1627 2299 1827 2344 similem

142 2361 451 2428 quantitatem
475 2375 543 2418 οΡ.
650 2361 919 2407 commisces
944 2375 982 2416 c,
1007 2375 1141 2405 ——ces
1156 2375 1208 2417 Ρ.
1322 2357 1531 2404 sorbend
1549 2372 1607 2414 p:
1632 2356 1765 2414 potui
1790 2371 1824 2402 c.

143 2426 196 2464 11
238 2418 564 2466 cionomelitos
602 2435 657 2478 οΡ
695 2421 773 2476 (ef.
804 2421 961 2466 Diosc.
1003 2423 1184 2476 5‚16).
1366 2423 1420 2463 13
1451 2417 1545 2462 mel
1576 2415 1757 2483 optimu
1788 2429 1823 2460 c.

142 2477 226 2524 et
228 2478 344 2524 vini.
391 2479 539 2524 nimiu
562 2493 620 2536 Ρ,
666 2478 800 2524 inimi
839 2480 923 2536 (vel
960 2478 1110 2535 minu)
1150 2493 1185 2524 c
1343 2476 1392 2522 in
1429 2490 1521 2520 uno
1560 2474 1826 2520 commisces

142 2552 209 2596 σΡ.
364 2543 417 2582 16
458 2538 612 2583 oleum
654 2552 895 2584 rosaceum
938 2539 1022 2595 (ro.
1053 2540 1108 2594 Ρ)
1156 2538 1236 2582 suc
1271 2537 1389 2594 (suci
1426 2539 1466 2592 c)
1506 2533 1693 2579 seminis
1739 2532 1826 2577 lini

143 2612 390 2669 a(d)mixt1'1
421 2613 520 2667 (-ι;
541 2614 597 2669 Ρ)
629 2625 697 2668 cp.
873 2617 926 2656 17
961 2611 1018 2655 de
1049 2625 1093 2655 c:
1129 2625 1230 2656 cum
1256 2625 1308 2668 Ρ.
1490 2612 1544 2652 18
1575 2606 1636 2651 ad
1665 2619 1748 2652 om.
1773 2620 1823 2663 Ρ.

141 2671 275 2728 pesin
308 2685 342 2716 e.
467 2675 522 2715 19
548 2671 722 2715 cretico
745 2685 769 2715 c
801 2673 933 2728 (—ca
955 2673 1024 2727 Ρ).
1147 2671 1336 2726 captato
1362 2683 1403 2713 c.
1436 2668 1627 2724 captato
1658 2666 1758 2722 (sic)
1773 2679 1824 2721 Ρ.

143 2749 200 2788 22
243 2744 304 2790 ad
342 2744 615 2789 sacietatem
654 2757 699 2788 c:
742 2744 803 2788 ad
842 2743 963 2788 facie
994 2757 1033 2799 Ρ
1073 2744 1146 2798 (in
1186 2756 1329 2799 πτωρ.
1373 2742 1432 2786 ad
1481 2725 1599 2785 facie
1636 2741 1702 2784 sie
1735 2753 1767 2795 Ρ
1770 2742 1824 2794 ⁶.)

142 2803 396 2848 bibendam
427 2802 561 2847 dabis
586 2816 640 2859 p:
676 2802 881 2846 dandum
912 2801 1166 2848 bibendum
1197 2801 1329 2845 dabis
1362 2813 1397 2844 c.
