2004 3186
763 108 1167 161 —169—

125 229 370 293 spumatio
426 229 573 277 etiam
627 233 678 277 et
739 227 1091 278 insensibilitas
1146 235 1197 278 et
1252 228 1541 281 tenebratio.
1624 235 1677 282 in
1731 234 1807 283 his

125 300 387 352 cerebrum
433 303 621 367 patitur
666 307 718 351 et
764 303 923 351 omnis
969 303 1242 352 nervositas
1282 318 1308 352 a
1347 304 1553 354 cerebro
1603 306 1805 357 descen-

122 374 245 424 dens
292 373 384 424 suh
432 373 785 424 melancholico
833 375 1041 424 humore
1089 382 1139 425 et
1184 376 1363 441 frigido
1411 377 1653 443 flegmate.
1725 380 1806 429 ali—

122 448 318 513 quando
358 463 384 497 a
425 448 677 498 stomacho
715 450 986 514 patiuntur.
1050 458 1127 499 est
1158 451 1289 499 enim
1321 452 1603 502 stomachus
1641 453 1808 503 multis

122 523 292 572 nervis
331 521 650 572 sensibilibus
686 522 966 587 perplexus.
1030 529 1079 572 et
1117 525 1160 572 si
1197 524 1348 590 forte,
1386 532 1442 574 ut
1481 524 1602 591 dixi,
1646 541 1671 575 a
1711 535 1806 576 sto·
1832 537 1854 569 5

122 595 296 645 macho
335 597 500 661 passio
538 596 692 645 suerit
722 604 833 646 nata
867 602 916 645 et
952 596 1214 646 cerebrum
1252 599 1473 665 petierit,
1514 601 1809 649 accessionis

123 676 348 734 tempore
395 669 632 719 fantasiae
679 669 835 720 oculis
884 670 1192 736 efficiuntur,
1240 678 1298 720 ut
1342 670 1439 721 illis
1490 672 1669 736 quibus
1709 674 1808 723 suf-

123 744 254 793 fusio
292 745 552 792 imminere
592 743 885 794 ostenditur.
947 746 1095 794 etiam
1134 750 1184 793 et
1221 759 1372 809 vapor
1411 745 1610 810 quidam
1647 748 1698 795 in
1739 748 1811 796 eis

123 816 186 866 ab
230 817 468 866 inferiore
516 819 703 866 ventris
748 824 889 882 parte
931 832 1081 882 super
1120 818 1306 884 fertur,
1352 833 1450 882 quo
1498 833 1676 884 vapore
1723 821 1809 868 mi-

121 892 271 955 ninga
331 890 524 955 pulsata
586 893 892 958 concutitur,
954 897 1004 940 et
1066 891 1261 940 cadunt.
1347 891 1641 956 aliquotiens
1693 908 1810 943 vero
1834 905 1878 936 10

123 963 216 1013 sub
270 963 624 1013 melancholico
676 965 886 1014 humore
940 963 1221 1014 laborantes
1276 964 1475 1014 difficile
1530 967 1712 1016 cadunt
1763 973 1812 1015 et

120 1039 275 1087 ieiuni
320 1037 497 1103 flegma
545 1037 861 1088 subamarum
910 1046 959 1088 et
1005 1053 1294 1103 spumosum
1331 1039 1383 1087 in
1437 1039 1661 1089 faucibus
1701 1055 1810 1089 sen-

121 1113 268 1162 tiunt.
338 1111 599 1176 aliquando
638 1118 689 1162 et
727 1111 864 1161 cibos
902 1127 1001 1161 non
1053 1111 1308 1178 digerunt,
1354 1112 1441 1161 sed
1481 1113 1661 1162 crudos
1699 1119 1813 1178 post

123 1200 297 1235 cenam
335 1187 583 1235 emittunt.
646 1192 696 1235 et
735 1193 810 1235 est
848 1185 1053 1235 molesta
1092 1187 1255 1251 passio
1294 1187 1502 1235 maxime
1541 1186 1815 1236 infantibus

122 1258 429 1309 brevissimis
484 1265 535 1308 et
586 1258 804 1309 novellae
859 1261 1032 1308 aetatis
1085 1260 1270 1324 pueris,
1355 1259 1411 1308 fit
1463 1259 1540 1309 vel
1593 1262 1812 1309 nascitur
1838 1271 1880 1303 15

124 1334 260 1382 omni
290 1338 536 1400 tempore,
576 1333 663 1382 sed
694 1331 807 1397 plus
838 1347 990 1382 verno
1024 1332 1342 1396 frequentare
1375 1333 1689 1382 manifestum
1722 1340 1810 1382 est.

271 1407 323 1455 in
372 1405 712 1455 curationibus
759 1413 925 1455 autem
970 1408 1022 1455 in
1067 1407 1241 1470 primis
1281 1420 1307 1454 a
1350 1411 1490 1471 tergo
1539 1407 1670 1456 inter
1709 1421 1811 1456 sca·

123 1479 267 1546 pulas
313 1481 446 1529 circa
494 1479 720 1545 spondyli
764 1479 929 1530 locum
975 1478 1355 1544 praevaporabis
1393 1481 1611 1544 spongiis
1660 1479 1813 1529 calida

125 1568 252 1619 aqua
299 1555 561 1619 expressis.
631 1559 716 1602 aut
763 1552 996 1603 cantabro
1043 1554 1095 1602 in
1144 1552 1345 1602 linteolo
1384 1552 1532 1617 ligato
1572 1561 1621 1602 et
1659 1553 1814 1602 calida

126 1627 383 1677 ebullienti
427 1627 592 1676 infuso
641 1634 691 1677 et
737 1642 972 1692 expresso
1022 1625 1301 1692 vaporabiS‚
1353 1631 1403 1675 et
1449 1628 1520 1675 sic
1560 1625 1814 1675 scarifabis
1838 1640 1881 1672 20

127 1709 177 1751 et
228 1716 320 1766 per
374 1700 661 1750 cucurbitae
716 1707 911 1765 raptum
973 1705 1336 1764 competentem
1389 1701 1677 1764 sanguinem
1732 1700 1814 1749 de·

126 1775 308 1824 trahes.
379 1776 526 1823 etiam
566 1781 617 1823 et
655 1774 906 1823 stomacho
916 1813 930 1840 ,
978 1772 1063 1822 ubi
1109 1773 1299 1821 serrum
1346 1775 1542 1837 operari
1580 1788 1679 1822 non
1728 1788 1814 1838 po-

127 1850 268 1915 terit,
316 1850 637 1913 sanguisugas
684 1862 902 1912 appones
949 1846 1122 1895 eodem
1163 1846 1306 1894 modo
1358 1860 1455 1910 quo
1496 1848 1725 1911 superius
1764 1847 1815 1894 in

128 1927 435 1987 empyemate
475 1922 876 1986 conscripsimus,
939 1926 989 1969 et
1026 1926 1140 1985 post
1178 1918 1532 1968 detractionem
1565 1921 1816 1984 sanguinis

249 2039 272 2077 1
305 2033 398 2078 hiis
429 2047 464 2078 c.
611 2038 636 2077 2
670 2046 699 2076 a.
728 2046 813 2077 om.
846 2046 882 2077 c
1019 2031 1338 2076 descendentis
1370 2045 1405 2076 c.
1549 2035 1578 2075 4
1610 2030 1732 2075 enim
1757 2044 1814 2088 p:

128 2094 286 2138 autem
318 2107 352 2137 c.
475 2096 502 2136 5
533 2093 728 2150 pplexus
752 2105 810 2148 Ρ,
841 2091 987 2149 pflex3
1022 2105 1058 2136 c.
1182 2097 1208 2135 6
1240 2089 1396 2147 passio
1430 2103 1475 2135 c.
1507 2103 1589 2134 om.
1617 2103 1668 2146 Ρ.
1790 2095 1814 2133 ’1

130 2152 255 2197 oculi
287 2165 322 2197 e.
445 2150 654 2196 efficiunt
668 2165 719 2207 Ρ.
840 2150 1010 2195 infusio
1036 2164 1072 2194 e.
1217 2155 1243 2194 8
1268 2148 1464 2193 iminere
1479 2163 1532 2205 Ρ,
1562 2154 1584 2192 i
1605 2154 1754 2193 miore
1779 2162 1815 2193 c.

128 2210 179 2255 in
209 2224 293 2255 om.
328 2224 362 2255 c.
487 2214 513 2254 9
545 2210 756 2255 interiori
788 2223 823 2254 c.
946 2208 1230 2266 superfertur
1256 2206 1360 2296 (cfet
1365 2209 1383 2264 )
1409 2221 1452 2252 c:
1484 2209 1750 2264 frequenter
1765 2221 1815 2263 Ρ.

127 2284 340 2342 mininga
364 2298 407 2329 c:
430 2289 624 2342 im1riga
639 2298 689 2341 Ρ.
815 2288 869 2328 10
901 2283 1163 2328 concutitur
1187 2296 1229 2327 c.
1263 2262 1432 2339 cocsirit
1457 2280 1747 2337 (-—curritur)
1764 2294 1814 2336 Ρ.

129 2343 382 2400 aliquando
416 2345 515 2401 (om.
540 2346 668 2400 vero)
693 2357 728 2388 c.
855 2347 908 2386 12
933 2343 1104 2400 flegma
1127 2355 1210 2386 om.
1237 2355 1273 2386 c.
1394 2340 1747 2396 subspumosum
1765 2353 1815 2395 Ρ.

132 2408 187 2447 13
220 2403 347 2447 cibos
387 2416 430 2447 c:
474 2402 696 2447 carbones
726 2403 835 2458 (pro
874 2402 1052 2458 carnes)
1087 2415 1137 2458 Ρ.
1321 2403 1376 2442 14
1407 2398 1631 2443 emittunt
1662 2411 1745 2442 om.
1779 2411 1815 2441 e.

129 2462 178 2506 in
209 2460 291 2505 inf.
317 2475 369 2518 Ρ.
522 2465 576 2504 15
608 2461 892 2505 brevissimis
925 2474 968 2504 c:
1007 2458 1215 2516 parvulis
1239 2472 1289 2515 Ρ.
1444 2462 1496 2502 16
1529 2469 1669 2501 verno
1699 2457 1816 2500 tem-

129 2534 242 2578 pore
283 2534 318 2565 c.
473 2523 527 2563 18
567 2520 690 2564 circa
728 2534 810 2564 om
853 2533 888 2564 c.
1040 2518 1262 2575 spondilii
1301 2530 1345 2571 c,
1392 2515 1725 2573 spondihorum
1764 2527 1815 2570 Ρ.

129 2578 454 2636 prevaporatis
482 2593 536 2634 Ρ,
571 2578 721 2622 -tius
753 2593 790 2625 c.
912 2578 1076 2622 calidis
1107 2590 1230 2633 aqua.
1260 2589 1305 2630 c,
1344 2589 1398 2620 ex
1439 2574 1591 2618 calida
1621 2586 1742 2630 aqua.
1764 2586 1821 2628 Ρ,

134 2643 188 2682 19
222 2638 372 2682 calide
402 2636 621 2682 bullienti
643 2652 702 2693 Ρ,
744 2637 895 2682 calide
935 2637 1182 2680 ebulientis
1222 2649 1257 2680 c.
1411 2639 1466 2678 20
1504 2631 1695 2676 infundo
1740 2645 1814 2675 ex-

130 2710 290 2754 presso
316 2710 350 2743 e.
473 2695 753 2741 scarificabis
778 2710 846 2752 ep.
968 2700 1021 2739 21
1047 2709 1132 2752 per
1155 2709 1198 2739 c:
1231 2694 1341 2750 post
1355 2707 1405 2749 Ρ.
1527 2691 1817 2758 competente

133 2755 320 2813 sanguis
345 2769 389 2811 c,
422 2757 742 2811 competenter
764 2754 1037 2812 sanguinem
1054 2768 1103 2810 Ρ.
1226 2757 1281 2797 23
1311 2762 1518 2808 apponas
1549 2763 1585 2805 c,
1619 2749 1749 2792 -nis
1766 2762 1816 2804 Ρ.

134 2819 191 2858 24
223 2816 427 2873 ὄρίῐηειίῑθ
451 2828 502 2871 p.
