2004 3186
801 113 1200 167 —166—

155 233 473 301 admiscebiS‚
519 240 569 284 et
614 236 665 283 in
704 233 916 299 ampulla
953 233 1149 300 rediges
1188 240 1238 284 et
1284 234 1437 284 dabis,
1513 234 1599 284 sed
1637 242 1843 300 propter

156 309 254 357 vim
291 309 507 374 potionis
545 309 706 373 primo
747 307 885 357 dabis
924 307 946 356 I
985 307 1282 358 coclearium
1320 307 1418 357 olei
1457 309 1598 373 spani
1637 307 1842 359 sorben-

157 382 298 448 dum,
338 387 388 431 et
427 383 498 431 sic
538 396 689 446 super
729 381 867 431 dabis
906 383 1172 446 potionem.
1233 382 1398 432 triduo
1438 388 1574 432 recte
1613 396 1704 447 per
1743 383 1842 432 sin-

155 454 297 520 gulos
330 454 436 504 dies
468 462 634 521 cyatos
665 461 835 504 ternos
876 460 961 504 aut
1000 461 1266 519 quaternos
1275 496 1290 523 ,
1329 455 1602 505 secundum
1634 461 1845 508 aetatem

111 540 132 572 5
157 530 580 595 uniuscuiusque,
616 530 667 578 in
706 530 907 594 potione
947 527 1098 578 dabis,

304 601 356 651 hi
401 609 567 654 autem
612 601 899 667 lyssodecti‚
947 602 997 651 id
1044 609 1119 652 est
1167 604 1252 668 qui
1295 602 1493 652 rabidos
1532 618 1730 653 morsus
1768 604 1842 652 in-

157 682 447 743 currerunt,
494 678 537 726 si
582 675 642 725 ab
690 677 831 725 initio
878 676 1154 726 secundum
1198 678 1441 726 rationem
1487 676 1620 742 quod
1669 676 1845 726 Graeci

156 755 262 799 cata
301 749 448 815 log'on
486 749 753 817 appellant,
800 751 1002 799 minime
1042 750 1228 800 fuerint
1267 752 1450 818 curati,
1494 756 1609 816 post
1646 749 1730 799 XL
1768 749 1846 800 vel

156 821 242 871 LX
288 823 394 873 dies
440 823 750 889 hydrofohici
796 824 1102 891 efficiuntur,
1148 824 1199 873 id
1245 831 1321 874 est
1367 839 1544 889 aquam
1596 825 1843 874 timentes

91 908 134 940 ιο
158 903 208 946 et
245 903 322 947 est
356 890 642 947 'acutissima
674 903 724 947 et
756 897 1100 947 molestissima
1138 899 1319 963 passio.
1381 904 1457 948 est
1488 912 1699 963 namque
1731 913 1843 947 cau-

156 971 280 1019 satio
333 972 385 1019 in
440 970 692 1020 stomacho
747 978 798 1021 et
851 970 999 1021 corde
1055 987 1117 1021 ex
1162 986 1351 1021 veneno
1401 973 1537 1022 canis
1591 977 1844 1037 concepta.

156 1045 383 1108 sequitur
422 1051 585 1094 autem
633 1046 719 1109 qui
766 1043 1099 1095 laboraverint
1138 1061 1198 1095 ex
1236 1060 1362 1110 aqua
1400 1051 1566 1095 tumor
1605 1044 1847 1095 stomachi

156 1123 206 1166 et
244 1117 421 1167 cordis,
485 1118 746 1168 difficultas
779 1121 927 1168 etiam
958 1119 1303 1169 transvorandi
1339 1125 1488 1185 potus
1520 1125 1604 1169 aut
1640 1134 1702 1168 ex
1739 1125 1845 1169 toto

154 1193 349 1256 negatio
397 1194 623 1261 sequitur
670 1199 719 1242 et
766 1192 1024 1258 singultus,
1095 1199 1215 1243 tunc
1265 1194 1577 1243 increscente
1615 1194 1845 1259 passione

88 1274 131 1307 15
155 1265 252 1330 ipsi
283 1280 396 1315 cum
427 1267 644 1316 insanire
677 1268 956 1334 coeperint,
995 1282 1184 1317 veneno
1215 1268 1412 1332 pervasi
1442 1282 1611 1316 vocem
1646 1266 1847 1317 latratui

154 1353 333 1388 canum
381 1339 590 1389 similem
637 1341 871 1390 emittunt
917 1346 967 1390 et
1010 1347 1299 1406 praesentes
1348 1341 1577 1390 mordent
1624 1347 1673 1390 et
1719 1354 1846 1406 aqua

153 1413 344 1476 perfusi
381 1413 664 1464 vehementi
702 1420 848 1480 raptu
886 1415 1268 1464 interficiuntur.

434 1545 642 1595 LXVIII.
705 1545 786 1595 Ad
824 1545 1250 1611 phalangionis
1289 1561 1562 1596 morsum.

302 1647 514 1713 Caponis
553 1648 818 1699 cerebrum
857 1664 970 1698 cum
1017 1651 1187 1714 pipere
1227 1649 1422 1700 modico
1461 1655 1511 1700 et
1549 1655 1690 1699 rutae
1732 1649 1845 1698 hor-

273 1809 296 1848 1
331 1804 595 1861 a(d)misces
627 1806 737 1862 c(p).
888 1805 1146 1862 ampullam
1169 1820 1220 1862 p.
1363 1804 1539 1907 redigis
1570 1817 1637 1862 cp.
1780 1818 1844 1863 pp

151 1881 199 1909 m
229 1869 336 1921 pois
368 1878 411 1919 c,
451 1879 515 1922 pp
553 1866 661 1908 uitii
698 1866 888 1921 pot6em
920 1878 957 1921 Ρ
998 1865 1068 1922 (ἱπ
1097 1878 1240 1922 mary.
1265 1869 1323 1921 pe
1360 1870 1382 1908 ῑ
1413 1862 1511 1922 3213
1541 1878 1605 1922 pp
1637 1863 1736 1909 vini
1765 1877 1846 1920 po-

150 1923 322 1978 tionis).
444 1929 470 1966 2
497 1924 609 1968 cocl'
612 1939 636 1967 r
653 1937 700 1979 Ρ,
727 1923 840 1968 cocl'
866 1937 903 1968 c.
1025 1929 1051 1967 3
1078 1923 1319 1981 superabis
1336 1937 1387 1980 p.
1501 1923 1630 1968 tridu
1651 1924 1784 1968 rectu
1807 1935 1844 1968 c.

151 1988 181 2026 4
213 1981 358 2027 cietos
391 1996 434 2037 c,
467 1982 651 2038 quiatos
674 1996 726 2039 Ρ.
872 1988 897 2026 5
929 1982 979 2027 in
1008 1982 1222 2039 potione:
1252 1984 1495 2040 potionem
1527 1995 1594 2038 cp.
1718 1986 1746 2025 6
1778 1980 1847 2025 hii

152 2046 214 2086 asi
243 2041 464 2086 lisodenti
491 2055 535 2096 c,
578 2041 876 2086 hi²alisodera
900 2055 938 2097 Ρ
968 2042 1040 2098 (in
1061 2055 1205 2100 mary.
1236 2042 1306 2086 hii
1330 2056 1391 2086 au
1413 2041 1604 2086 lisodeti
1618 2054 1656 2098 Ρ
1659 2043 1710 2097 0.)
1820 2045 1846 2085 7

151 2115 298 2171 quod.
324 2129 467 2170 quam
483 2128 534 2171 Ρ,
560 2091 641 2170 qui,
664 2116 732 2171 (q)
758 2129 795 2162 c.
915 2118 941 2158 8
968 2115 1215 2173 cabalogon
1230 2129 1283 2172 Ρ,
1310 2114 1565 2172 catalogim
1589 2129 1625 2159 c.
1740 2119 1767 2158 8
1791 2113 1847 2171 μ’)

150 2173 250 2220 XL.
283 2188 302 2218 1
324 2173 404 2217 XL
427 2175 535 2230 (sic)
564 2173 661 2218 dies
685 2187 723 2227 c,
754 2175 862 2230 post
893 2173 1220 2231 quadragesim
1252 2173 1330 2219 vel
1354 2173 1613 2232 sexagesim
1643 2172 1769 2217 diem
1791 2186 1843 2228 Ρ.

152 2232 470 2290 9ydrofonici
502 2246 538 2278 c
704 2237 758 2277 10
790 2232 988 2277 molesta
1009 2246 1061 2289 Ρ.
1219 2232 1281 2277 Et
1311 2238 1340 2277 a
1365 2246 1447 2291 na3
1480 2234 1585 2277 eat6
1610 2245 1669 2288 p,
1709 2246 1734 2276 e
1767 2246 1847 2288 qm

152 2309 346 2350 oausaco
379 2320 415 2350 c.
539 2312 592 2350 11
629 2320 706 2351 ex.
739 2308 788 2351 et
819 2320 866 2360 c,
898 2307 946 2350 et
976 2320 1032 2351 ex
1054 2321 1106 2363 Ρ.
1231 2311 1284 2350 12
1319 2322 1354 2351 s.
1386 2320 1426 2352 a.
1459 2298 1726 2351 laboraumt
1763 2306 1849 2361 (sic

151 2364 379 2422 —verinto
419 2380 475 2410 ex
517 2379 639 2422 aqua
675 2379 777 2410 mor
815 2365 1005 2410 stoacho
1047 2367 1095 2410 el:
1131 2366 1269 2411 corde
1300 2379 1325 2411 c
1356 2366 1542 2422 (addidi
1572 2364 1692 2421 qui):
1736 2380 1769 2409 s.
1803 2378 1845 2409 a.

150 2424 418 2469 laborantes
449 2426 605 2469 tumor
636 2424 866 2469 stomachi
898 2426 945 2468 et
976 2425 1127 2470 cordis
1151 2440 1202 2482 Ρ.
1379 2429 1433 2469 13
1467 2423 1610 2469 etiam
1633 2438 1693 2481 Ρ·
1727 2424 1776 2467 ei:
1807 2437 1844 2468 c.

151 2484 234 2527 aut
257 2508 313 2516 -
339 2483 569 2540 singultus
599 2497 682 2530 om
715 2497 751 2528 c.
893 2488 946 2527 16
978 2484 1197 2528 mordunb
1220 2485 1671 2540 p.17„1·aptu
1700 2483 1844 2527 inter-

150 2542 400 2587 ficiuntur“
439 2542 485 2588 Ο.
518 2543 639 2600 Α.Ρ
644 2546 795 2588 ,233.
980 2546 1033 2586 18
1073 2542 1147 2587 Ad
1192 2542 1512 2600 spalangionis
1545 2540 1844 2598 (falangionis

152 2602 248 2646 ind.
275 2604 330 2658 p)
370 2616 575 2646 morsum
615 2615 639 2647 c
679 2606 722 2647 et
750 2601 847 2646 ind.
873 2616 910 2658 p
942 2602 1011 2658 (in
1033 2616 1071 2659 p
1096 2615 1186 2658 pro
1224 2602 1414 2646 rubrica
1444 2602 1609 2658 Zeyitur
1639 2599 1841 2645 Medica—

150 2691 360 2733 mentum
391 2691 464 2746 Bc).
648 2694 702 2734 19
734 2665 897 2747 A‚pois
921 2705 958 2746 Ρ
990 2690 1050 2748 (A
1080 2691 1231 2744 rubr„
1268 2690 1345 2734 sed
1381 2691 1435 2734 in
1463 2703 1607 2746 mary.
1633 2701 1723 2745 pro
1755 2688 1843 2731 litt.

150 2762 330 2806 initiali
367 2764 704 2818 praescribitur
735 2759 777 2820 ὁ)
819 2749 1039 2820 OAponis
1079 2777 1102 2808 c
1142 2763 1217 2820 (cf.
1263 2764 1390 2808 Plan.
1432 2768 1512 2816 29,
1552 2766 1607 2807 88
1647 2762 1701 2807 de
1744 2761 1844 2819 μαῖ-

151 2821 429 2865 linaceorum
461 2823 668 2879 cerebro).
806 2824 913 2867 ruta
945 2821 1088 2867 ortice
1113 2837 1171 2878 p,
1203 2825 1307 2867 rute
1341 2825 1444 2879 (om.
1476 2821 1579 2877 ort.)
1613 2834 1648 2866 c.
