2004 3186
853 126 1215 178 —44-

194 253 480 296 steatomata
533 253 783 296 vocantur.
861 261 974 295 nam
1028 245 1224 295 Graeci·
1260 246 1452 318 adipem
1508 252 1639 295 stear
1692 246 1877 296 dicunt.

194 326 466 370 nascuntur
512 320 801 384 frequenter
845 321 898 368 in
945 319 1224 369 articulosis
1271 327 1321 369 et
1365 321 1590 369 nervosis
1635 319 1756 369 locis
1802 320 1879 369 vel

193 393 488 443 musculosis
513 399 562 442 et
586 393 956 457 cartilaginosis.
1003 400 1053 442 et
1077 393 1302 442 similiter
1326 399 1382 442 ut
1407 393 1596 442 scrofae
1627 400 1878 443 curantur.

557 524 769 573 XXVIII.
830 524 910 573 Ad
950 527 1187 574 aurium
1226 525 1507 573 dolorem.

149 641 170 671 5
340 628 547 676 Aurium
580 627 773 676 dolores
806 627 1091 677 efficiuntur
1122 643 1182 677 ex
1212 628 1523 677 antecedenti
1557 628 1880 693 perfrictione

194 716 254 749 ex
293 701 471 765 frigido
517 708 662 750 vento
709 701 856 749 flante
905 707 990 750 aut
1037 716 1095 750 ex
1143 701 1347 750 lavacris
1393 701 1584 766 frigidis
1632 707 1716 750 aut
1755 716 1881 765 aqua

192 776 244 822 in
291 775 396 838 ipsa
443 789 649 823 caverna
701 774 944 823 auditoria
981 775 1208 824 irruenti.
1271 781 1356 824 aut
1394 790 1455 823 ex
1494 782 1687 824 tumore
1727 789 1879 823 mem-

192 846 374 896 branae
406 863 553 912 supra
591 847 750 897 dictae
783 847 1052 896 auditoriae
1086 863 1322 897 cavernae
1362 854 1447 897 aut
1485 847 1669 897 saniola
1706 847 1881 897 fluenti

193 927 278 969 aut
331 922 621 970 ventositate
675 921 866 970 inclusa
919 927 1165 970 tumorem
1212 922 1423 970 faciente
1470 928 1555 970 aut
1605 920 1880 970 sordiculae

128 1007 169 1037 10
193 992 269 1041 vel
306 999 745 1058 purgamentorum
785 994 1072 1044 obtrusione
1114 996 1261 1061 facta,
1301 1010 1415 1044 cum
1454 996 1642 1044 exitum
1681 995 1880 1043 minime

192 1065 421 1115 habuerit
459 1082 608 1132 supra
648 1067 777 1117 dicta
814 1070 1106 1133 ventositas,
1146 1068 1341 1117 dolores
1381 1068 1679 1117 efficiuntur.

341 1141 610 1189 curationis
657 1149 822 1190 autem
867 1148 1091 1206 tempore
1138 1143 1190 1190 in
1236 1143 1343 1206 ipso
1394 1143 1535 1191 initio
1575 1141 1758 1190 doloris
1798 1140 1882 1190 ali-

193 1228 289 1276 qua
329 1228 388 1262 ex
426 1213 691 1278 praedictis
731 1214 789 1263 ad
830 1214 1051 1264 dolorem
1090 1216 1265 1279 capitis
1305 1217 1536 1280 superius
1576 1216 1759 1279 scripta
1800 1229 1881 1263 ex·
1946 1208 1952 1213 ”

192 1287 439 1335 trinsecus
479 1287 701 1336 adhiberi
741 1288 978 1337 sumenda
1017 1288 1327 1354 mandamUS,
1366 1304 1423 1337 ea
1461 1303 1579 1337 vero
1613 1303 1737 1352 quae
1767 1303 1880 1352 pro-

127 1371 170 1404 15
192 1361 312 1424 prie.
337 1361 390 1408 in
427 1362 550 1424 ipsis
590 1363 811 1410 cavernis
850 1361 1153 1411 instillantur
1191 1377 1325 1411 nunc
1365 1363 1599 1410 dicemus

343 1433 402 1482 ad
441 1433 662 1482 dolorem
700 1436 909 1484 aurium.
978 1441 1238 1500 gesentera
1282 1435 1333 1484 id
1374 1442 1449 1484 est
1487 1434 1782 1484 vermiculos
1821 1435 1882 1485 de

194 1508 390 1571 arrugia
435 1514 520 1556 aut
567 1522 769 1556 araneas
816 1515 901 1558 aut
946 1508 1121 1557 asellos
1168 1524 1292 1574 quos
1339 1508 1515 1557 Graeci
1563 1510 1759 1558 oniscos
1811 1508 1880 1557 di·
1926 1534 1929 1536 >

194 1586 314 1629 cunt
373 1607 436 1614 —-
494 1589 768 1630 nascuntur
819 1583 872 1630 in
924 1582 1170 1631 humectis
1223 1582 1345 1631 locis
1399 1582 1656 1631 homiuum
1694 1588 1882 1631 tactum

314 1712 335 1749 1
371 1720 500 1750 scear
531 1721 566 1751 c.
711 1713 737 1751 3
770 1707 1100 1765 cartillagiosis
1129 1723 1170 1765 9.
1320 1714 1349 1752 4
1380 1710 1451 1754 tit.
1482 1708 1557 1752 Ad
1588 1708 1769 1753 aurium
1800 1704 1886 1754 doss

192 1764 339 1808 iorem
371 1765 475 1821 (dot
497 1766 601 1835 9)9
605 1780 640 1818 e,
671 1765 739 1810 De
762 1766 920 1810 dolore
946 1766 1127 1811 aurium
1144 1783 1194 1825 Ρ.
1317 1772 1460 1811 5-11
1488 1769 1695 1812 dolorum
1719 1781 1883 1813 causae

193 1844 248 1859 =
282 1823 384 1868 Gal.
418 1820 556 1878 (κατὰ
572 1780 711 1879 τόπ.)
744 1824 852 1879 XII,
886 1830 971 1870 599
1003 1827 1145 1879 (unde
1171 1826 1375 1870 Pseudo·
1387 1826 1490 1872 Gal.
1524 1828 1724 1882 euporist
1756 1826 1879 1894 XIV,

192 1887 279 1926 330
311 1883 368 1937 cf.
404 1883 486 1926 Th.
523 1883 671 1928 Prisc.
706 1883 747 1939 Ι,
783 1888 843 1940 7),
1008 1888 1034 1928 5
1067 1884 1397 1941 pei-fricatione
1421 1900 1473 1941 Ρ.
1643 1891 1666 1930 7
1699 1885 1750 1929 in
1777 1885 1884 1943 ipsa

193 1954 391 1985 caverna
421 1946 497 1986 etc.
529 1943 661 1997 (abl.)
689 1956 788 1999 9σΡ.
969 1943 1165 1988 irruenti
1202 1959 1232 2002 9
1274 1944 1390 2000 (—-†.i
1420 1945 1555 1988 etiam
1586 1946 1672 2000 cp).
1854 1950 1881 1989 8

191 1999 353 2044 fluenti
381 2013 452 2056 90,
485 2002 590 2044 —te
615 2015 663 2056 Ρ.
787 2006 813 2045 9
845 2002 1032 2046 sordida
1064 2004 1171 2058 (pro
1203 2003 1380 2058 —cla?)
1411 2018 1468 2061 9,
1501 2003 1635 2047 sorde
1668 2017 1705 2057 e,
1737 2003 1883 2047 sordi-

193 2057 273 2102 des
296 2073 333 2114 Ρ
366 2059 439 2114 (ex
477 2059 689 2103 sordibus
728 2059 882 2116 Patr..)
1065 2066 1120 2104 10
1154 2061 1422 2106 obtrusione
1452 2077 1502 2119 9,
1544 2062 1806 2106 —trutione
1829 2076 1881 2119 Ρ,

192 2117 449 2161 ostrusione
482 2132 505 2162 c
536 2117 844 2173 (obstrusione
878 2119 1036 2176 Petr..)
1223 2125 1277 2163 12
1301 2120 1460 2175 aliqua
1491 2135 1566 2176 ep:
1599 2121 1808 2176 aliquam
1837 2135 1879 2178 9.

194 2179 247 2219 13
289 2175 481 2232 scripta:
525 2178 748 2233 scriptam
789 2192 842 2235 9,
885 2177 1012 2222 dicta
1053 2179 1130 2222 vel
1173 2179 1346 2235 scripta
1382 2180 1489 2234 (sic)
1526 2193 1571 2232 c,
1613 2179 1797 2234 scriptis
1829 2194 1879 2236 Ρ.

194 2238 249 2276 14
281 2234 494 2279 adhiberi
525 2236 749 2280 sumenda,
780 2236 965 2292 (—dam
995 2238 1043 2294 9)
1073 2238 1139 2284 sic
1169 2251 1223 2294 9c
1254 2237 1495 2293 (sumenda
1525 2251 1607 2282 om.
1633 2240 1701 2293 Ρ)
1826 2244 1881 2282 15

191 2291 241 2335 in
270 2292 383 2349 ipsis
417 2295 645 2338 cavernis:
677 2296 744 2339 sic
772 2309 872 2351 9010.
1017 2295 1212 2340 dicimus
1246 2310 1312 2352 σΡ.
1464 2301 1518 2340 16
1549 2296 1610 2340 ad
1642 2296 1732 2354 (Ad
1765 2299 1803 2353 c)
1820 2298 1879 2341 d.

193 2351 476 2454 ῗὲὲἶὲἓῗὲἶ
487 2366 609 2454 §3²1
607 2367 747 2464 ,Ἄρ
806 2349 1157 2458 wezzi&
1190 2353 1380 2468 ἐῗεῗὲἔ
1396 2357 1814 2469 ἐῷῗλεπαίῗέἒέ
1816 2358 1882 2460 ⁰1³2,

190 2483 250 2526 9Ρ
283 2470 360 2523 (cf.
396 2469 512 2512 Ptin
515 2473 566 2537 ’.)³
599 2470 813 2527 auringia
845 2486 880 2516 c.
1034 2429 1215 2517 oniscgs
1245 2487 1294 2530 9:
1327 2471 1508 2516 aniscos
1531 2487 1590 2528 Ρ,
1622 2430 1878 2519 oniscongc.

193 2531 247 2570 18
290 2528 344 2571 de
381 2529 548 2572 oniscis
586 2529 639 2572 in
678 2531 823 2573 eodem
867 2536 1130 2601 ar9umento
1173 2533 1239 2576 sic
1276 2545 1332 2576 ex
1368 2532 1638 2602 Asclepiade
1678 2533 1881 2577 Galenus

192 2585 319 2641 (XII,
360 2587 483 2643 634):
533 2587 652 2639 ζῶον
692 2587 744 2632 δέ
779 2586 874 2632 ἐστι
912 2587 1155 2634 πολύπουν
1189 2587 1240 2635 ἐν
1279 2595 1376 2640 τοῖς
1414 2586 1635 2645 ὑδρηροῖς
1673 2587 1880 2646 ἀγγείοις

194 2646 271 2698 (cf.
300 2645 435 2699 XII,
466 2649 553 2690 641
579 2650 619 2688 et
643 2650 738 2691 623
771 2661 825 2691 ex
847 2649 1102 2717 Archi9ene
1129 2646 1240 2700 τούς
1265 2646 1342 2694 ἐπὶ
1373 2654 1475 2719 ταζς
1506 2647 1689 2703 ὑδρίαις
1721 2647 1880 2719 ὅνους)

194 2703 275 2746 καὶ
307 2700 359 2748 ἐν
398 2709 500 2754 ταῖς
539 2706 756 2774 κοπριάις
786 2702 1106 2764 γεννώμενον,
1148 2705 1270 2752 κατὰ
1311 2705 1364 2752 δε
1397 2704 1481 2757 τὰς
1511 2707 1603 2750 τῶν
1635 2705 1878 2751 δακτύλων

195 2757 456 2818 ἕπαφήσεις
482 2759 848 2820 σφαιρούμενον.
972 2771 1026 2810 18
1053 2766 1296 2811 humidum
1317 2768 1501 2811 tantum
1525 2766 1556 2809 f.
1583 2780 1606 2809 c
1631 2767 1698 2822 (ut
1722 2766 1879 2812 Simon

192 2834 227 2863 ε.
261 2822 463 2865 oni-seme
492 2821 737 2866 humidum
767 2825 925 2867 tamen
958 2824 1022 2880 f..)
