2004 3186
814 111 1217 166 -251—

161 226 378 272 raucedo
401 229 484 271 aut
506 226 735 283 asperitas
762 226 960 271 arteriae

191 291 260 330 33.
295 290 354 329 34
385 286 458 340 (cf.
493 285 643 339 Isid.).

160 344 458 388 recalefacis
485 357 546 400 ,ορ
578 347 648 387 42.

159 401 521 458 redarguentis
590 401 809 459 (similem
868 401 961 446 vir-

186 463 357 517 tutem)
389 465 461 505 64.

158 519 496 565 redundantia
526 518 667 576 (nigri
697 518 840 577 fellis)
872 524 911 565 9.

159 579 384 624 referress
418 579 581 623 salutis
605 577 866 635 periculum
888 592 959 623 re-

187 637 345 682 ferunt
370 639 446 694 (=
463 637 728 694 significant
751 637 957 683 Petronc.

181 710 232 753 p.
268 699 371 752 199)
405 701 472 743 17.

158 755 467 801 reformare:
521 754 663 799 febris
691 791 699 800 .
728 788 737 797 .
765 788 775 797 .
800 769 959 801 move-

187 816 299 859 tur.
364 814 676 859 ,reformatur
708 818 778 858 55.

158 873 550 927 refrigeratoria
587 873 812 929 (sanaim,
855 885 959 930 opp.

188 931 504 987 calefactoria)
537 936 606 975 52.

158 990 426 1036 reiactatio
465 992 568 1047 (san
570 978 743 1048 guinis)
787 996 843 1035 39
877 992 958 1036 bis.

187 1055 256 1093 40.
307 1049 576 1106 (flegmaizis)
623 1054 695 1094 40.
752 1055 808 1094 66
862 1051 962 1106 (ubi

185 1109 430 1153 reiactatio
470 1122 513 1162 c,
561 1108 752 1153 reiectio
784 1122 843 1165 p,
889 1123 959 1153 re-

185 1167 379 1212 iectatio
410 1170 500 1223 1²⁰}
553 1167 798 1212 reiectatio
837 1181 867 1224 9
901 1171 957 1211 42

187 1227 287 1282 (ubi
339 1226 585 1271 reiactatio
640 1229 726 1283 cp).
783 1252 839 1259 —
888 1241 959 1271 re-

185 1285 419 1330 iectantur
472 1285 725 1340 (lumbrici)
787 1299 812 1330 c
860 1286 959 1340 (ubi

186 1343 347 1388 reiact.
373 1345 426 1400 p)
461 1348 531 1387 72.

156 1402 499 1448 relaxatorius
534 1407 602 1448 76.

155 1461 351 1506 renalis
398 1461 570 1518 (passio
615 1481 671 1498 =
713 1460 955 1517 nefretica)

185 1524 242 1564 45
276 1521 352 1577 (cf.
387 1519 540 1576 Cael.).

156 1590 332 1624 rencs:
364 1593 529 1623 renum
559 1579 629 1635 (in
658 1579 793 1623 titulo
823 1578 958 1622 medi-

187 1641 576 1694 camentorumque
645 1637 959 1693 inscriptioni-

187 1698 288 1753 bus)
319 1699 392 1742 45.
450 1695 631 1740 renium
662 1697 731 1752 (in
761 1697 904 1752 τεθείη)
937 1709 961 1740 c

187 1759 248 1800 46
282 1756 382 1812 (ubi
411 1768 574 1799 renum
597 1757 668 1811 p).

155 1814 449 1882 repulsare.
514 1814 574 1857 ad
627 1813 959 1870 repulsandam

187 1873 318 1917 sitim
354 1877 423 1917 61.

156 1930 547 2003 respiratorium
587 1932 865 1987 (membrum
901 1951 956 1968 =

188 1986 586 2045 ἆναπνευστικόν)
619 1994 689 2034 39.

157 2061 301 2094 reum
333 2047 428 2107 (ῥ’ἇ,
461 2046 510 2093 οἷ
537 2048 590 2093 δὲ
621 2047 739 2105 ῥ’ῆον
763 2049 959 2093 καλοῦσι

187 2109 368 2162 Diosc„
409 2109 491 2152 ubi
523 2104 742 2165 Ρωμαῖοι
779 2105 958 2164 §andv-

187 2183 356 2224 τικουμ
386 2167 494 2212 add.
524 2180 689 2212 recens
725 2166 958 2223 Vindobst)

187 2225 451 2283 reuponizici
482 2238 526 2281 c,
557 2239 641 2270 reu
670 2227 799 2282 Ρὸδιό
825 2239 862 2282 p
886 2230 959 2269 44.

160 2296 358 2330 reumaz
406 2298 513 2328 cum
556 2285 689 2342 largo
735 2283 958 2329 reumatis

188 2344 378 2388 incursu
416 2348 486 2387 29.
544 2343 604 2388 ad
641 2345 853 2388 reumata
889 2357 959 2387 re-

189 2402 410 2459 pellenda
432 2407 502 2446 29.
550 2402 610 2446 ad
632 2416 794 2447 reuma
818 2404 960 2447 tenue

192 2466 262 2505 29.
309 2474 470 2504 reuma
503 2461 747 2505 crassescit
776 2466 847 2506 48.

161 2517 519 2564 reumatismus
543 2524 613 2564 29.
639 2524 695 2564 41
721 2523 799 2564 etc.
830 2532 962 2576 saepe

192 2578 406 2636 (arteriae
446 2580 494 2623 et
533 2579 706 2623 toracis
746 2583 826 2636 33,
869 2581 961 2623 sto-

190 2637 349 2682 machi
368 2641 439 2692 42,
462 2636 638 2682 ventris
661 2639 709 2682 ei:
731 2638 962 2683 simmachi

189 2701 270 2749 47,
316 2694 491 2740 veniris
536 2697 585 2740 et
630 2696 861 2741 stomachi
904 2710 962 2741 ac

190 2754 425 2812 pulmonis
458 2755 507 2799 et
545 2755 752 2799 omnium
789 2755 962 2800 intera-

191 2827 383 2859 neorum
432 2817 509 2870 48,
565 2815 740 2858 ventris
791 2815 842 2858 et
892 2814 962 2858 in-

1081 228 1360 272 tesizinorum
1399 231 1505 285 50).
1552 230 1638 274 sub
1676 244 1854 287 aquoso

1083 287 1131 330 et
1179 285 1352 344 frigido
1405 288 1707 349 reumatismo
1755 291 1855 345 (ubi

1080 347 1291 389 reumate
1326 344 1468 402 Febr.)
1502 349 1570 391 53.

1051 403 1414 448 reumatizare·
1438 405 1857 451 reumafizantibus

1081 462 1284 519 gingivis
1310 463 1729 509 31.reuma1;iza1:o
1746 465 1859 522 pul-

1081 534 1218 565 mone
1243 525 1314 565 40.
1363 521 1444 578 qui
1468 536 1524 566 ex
1547 523 1723 567 ventris
1749 537 1858 580 pas·

1081 579 1247 624 sione.
1313 581 1659 626 .reumatizant
1690 586 1763 626 48.

1051 637 1255 705 riposus
1294 634 1578 706 (spadam)-
1566 675 1577 684 .
1617 640 1855 685 extantiae

1080 696 1635 814 ῗὲἕεζὲοέζὲηέὴιὲὲξοὲξ
1668 699 1856 744 νεὼ·

1051 813 1333 860 robustitas
1366 819 1437 859 35.

1051 872 1283 918 roscidus
1324 873 1465 918 sudor
1495 879 1551 918 56
1584 874 1662 930 (cf.
1697 874 1852 931 Cael.).

1051 943 1252 976 roseum
1291 933 1441 976 oleum
1493 935 1603 989 (pro
1640 936 1852 990 rosaceo)

1080 991 1209 1047 apud
1246 995 1438 1035 recentes
1477 1005 1532 1035 ex
1574 992 1699 1036 brevi
1729 993 1854 1037 codi-

1080 1063 1183 1094 cum
1205 1050 1439 1106 scriptura
1461 1064 1528 1094 ro.
1557 1051 1659 1108 (sie)
1689 1054 1852 1095 natum

1079 1108 1174 1162 fere
1202 1109 1394 1153 videtur.

1051 1167 1326 1211 rosmarini
1365 1169 1498 1224 (qen.)
1539 1172 1567 1211 4
1606 1172 1685 1213 etc.
1719 1168 1853 1224 (roris

1080 1225 1249 1270 marini
1281 1225 1422 1283 Gary.
1455 1229 1516 1271 45
1547 1228 1660 1282 etc..)

1050 1295 1140 1329 rus
1194 1282 1364 1341 (ᾇοῦς)ε
1420 1285 1724 1330 coriariorum
1775 1300 1853 1329 rus

1079 1343 1163 1399 (sic
1200 1356 1279 1398 cp,
1319 1345 1436 1399 qen)
1476 1343 1651 1388 herbae
1690 1344 1854 1388 viridis

1080 1415 1190 1446 suco
1216 1407 1285 1446 73.
1315 1427 1369 1434 -
1394 1416 1470 1446 ros
1503 1403 1736 1470 syriacum
1760 1416 1851 1447 acc.

1078 1473 1163 1517 qep
1210 1465 1266 1504 39
1308 1461 1418 1517 (pro
1467 1476 1556 1505 run
1607 1461 1853 1518 syriacum,

1080 1519 1137 1573 cf.
1182 1519 1311 1563 Plin.
1344 1524 1423 1575 29,
1466 1523 1522 1564 50
1559 1533 1649 1565 acc.
1682 1521 1852 1577 rhum).

1079 1578 1316 1622 rossiriaci
1354 1591 1408 1634 cp
1441 1583 1513 1622 42.
1544 1582 1600 1623 48
1642 1582 1711 1635 (ut
1740 1580 1852 1624 med.

1083 1636 1210 1680 Plin.
1275 1641 1307 1681 2
1316 1669 1331 1690 ,
1392 1641 1434 1681 4.
1519 1637 1635 1681 roris
1698 1637 1855 1682 siriaci

1082 1694 1260 1751 Garqil.
1304 1699 1385 1751 41,
1432 1696 1565 1742 Alex.
1613 1698 1723 1752 eta).
1755 1744 1759 1748 ,
1794 1696 1853 1751 cf.

1079 1753 1241 1799 Simon
1285 1767 1320 1798 s.
1368 1767 1443 1799 ros
1494 1755 1687 1798 siriacus
1734 1758 1776 1798 et
1817 1768 1853 1799 s.

1079 1812 1323 1857 ruseritras
1386 1815 1432 1857 et
1458 1849 1467 1858 .
1494 1847 1506 1859 .
1533 1849 1542 1858 .
1566 1828 1643 1858 rus
1706 1813 1851 1858 eritru

1079 1871 1206 1927 (rhus
1268 1885 1388 1928 quae
1450 1872 1662 1928 erythros
1723 1872 1854 1917 Plin.

1079 1934 1157 1974 etc.
1204 1929 1363 1975 Fraas
1392 1931 1439 1986 fl.
1471 1932 1526 1975 οῖ.
1571 1933 1646 1986 84)
1672 1965 1683 1975 .
1712 1966 1722 1975 .
1748 1966 1758 1975 .
1783 1945 1834 1975 re

1079 1988 1258 2046 perstur
1280 1989 1405 2046 apud
1427 1988 1627 2034 Paulum
1654 1989 1704 2034 in
1735 1990 1854 2034 mul·

1078 2048 1140 2092 tis
1177 2047 1303 2092 locis.
1369 2049 1417 2092 eb
1455 2049 1526 2092 est
1555 2061 1630 2093 ros
1661 2048 1852 2093 siriacus

1078 2107 1107 2151 i.
1133 2107 1337 2152 sumach.
1359 2132 1416 2140 —
1439 2120 1592 2151 rorem
1613 2120 1707 2163 qua
1730 2108 1854 2164 gotti

1078 2167 1274 2210 utuntur
1304 2166 1436 2209 Alex.
1467 2165 1502 2221 f.
1534 2164 1665 2210 1071‘.

1049 2224 1223 2269 rotula
1246 2224 1519 2340 (τξοχίσκος)
1545 2229 1600 2268 32
1628 2225 1703 2280 (cf.
1728 2224 1846 2268 Isid.

1050 2342 1245 2387 rustica
1260 2342 1389 2399 potio
1409 2342 1486 2398 (ad
1502 2356 1708 2387 morsum
1727 2341 1852 2385 canis

1080 2400 1251 2457 rabidi)
1284 2406 1353 2445 67.

1052 2459 1318 2504 sabanum:
1360 2459 1511 2504 calido
1553 2459 1726 2502 sabano
1775 2459 1851 2502 de-

1082 2520 1238 2576 terges
1278 2523 1347 2563 59.
1389 2523 1459 2562 66.
1501 2523 1555 2562 76
1604 2517 1679 2571 (cf.
1720 2517 1851 2560 Alex.

1080 2577 1116 2632 f.
1156 2576 1253 2622 14b.
1296 2575 1382 2622 36·b
1422 2581 1499 2620 etc.
1568 2575 1752 2620 Ro'nsch
1784 2575 1854 2619 It.

1052 2694 1230 2740 sabina
1287 2694 1490 2752 (herba):
1556 2693 1716 2737 savina
1769 2705 1854 2748 ycp

1083 2758 1138 2797 42
1174 2759 1253 2798 etc.

1053 2813 1289 2858 sacculus
1332 2814 1408 2869 (9p
1423 2846 1434 2868 ,
1483 2810 1663 2855 saculus
1711 2822 1755 2864 c,
1807 2812 1860 2852 ut
