2004 3186
756 118 1150 171 -201-

107 229 190 278 διὰ
234 232 482 286 &audam
533 230 787 289 diatapsias
842 234 911 288 (Ρ,

138 292 303 349 diapta
332 291 435 348 psia
466 292 505 347 c)
547 290 669 335 sicut
698 290 748 334 in
776 289 912 335 iscia-

137 351 254 395 dicis
275 349 421 394 uteris
454 354 509 394 75
543 349 622 407 (cf.
647 353 703 393 53
729 348 913 405 tapsiae

106 409 417 513 05302.{¹332⁸-
433 407 891 524 ifflssissssffss⁸)fidia

136 527 297 572 itheon
357 540 408 584 9,
470 525 548 570 dia
607 525 804 570 hitheon
857 540 913 582 σΡ

140 591 196 630 19
228 611 285 618 -
318 583 585 629 diachiteon
616 597 655 639 c,
688 583 913 629 dialitcon

128 658 168 702 Ρ
215 649 267 688 31
319 669 375 676 -
423 643 663 688 diaitheon
708 657 760 701 9,
805 643 911 688 tha-

137 703 333 748 hitheon
356 716 395 757 c,
419 701 704 747 diatiteceon
719 716 757 759 Ρ
774 706 830 746 33
855 726 911 734 —

138 761 378 807 diaitheon
407 774 451 818 9,
485 760 709 806 diatheon
742 774 780 816 c,
812 760 911 806 dia-

138 821 326 866 chiteon
356 834 394 877 Ρ
426 824 483 865 38
515 845 572 853 --
604 820 839 864 diaciteon
874 834 911 876 c,

137 880 346 924 diaiteon
386 892 425 935 Ρ
469 880 562 935 46).
612 883 683 924 75.
730 904 786 911 -—-
834 878 912 934 „in

137 937 422 983 antidotario
442 972 452 981 .
472 972 482 982 .
502 973 512 983 .
531 937 682 982 Cassii
711 937 911 982 Felicis“

136 997 249 1043 Sim.
290 1010 326 1041 s.
366 1011 406 1043 v.
441 997 555 1053 (itea
595 1010 731 1054 grece
764 996 911 1053 salix).

109 1067 190 1115 διὰ
226 1071 321 1114 τῶν
363 1066 615 1129 καρύωνε
664 1070 914 1114 diacrisma

137 1129 419 1175 stomaticen
441 1165 454 1175 .
479 1163 489 1173 .
517 1165 526 1174 .
554 1131 602 1173 et
647 1129 914 1186 appellatur

137 1188 331 1234 ediaton
377 1187 536 1233 carion
578 1189 676 1245 (920,
716 1187 873 1232 ediato
902 1187 907 1246 Ι

136 1250 304 1293 netron
335 1247 377 1304 c)
409 1251 465 1291 35
498 1246 619 1302 (Gal.
652 1245 753 1302 XII,
793 1249 912 1303 905).

107 1318 189 1365 διὰ
220 1318 452 1380 κέρατος
483 1315 778 1378 ἑλαφείουε
819 1319 914 1364 col-

137 1379 296 1424 lirium
357 1379 436 1424 dia
499 1381 678 1424 ceratos
742 1378 915 1423 helafiu

138 1441 208 1495 (9,
249 1438 411 1483 ellafui
443 1451 487 1492 c,
527 1436 716 1494 elephifi
741 1439 798 1494 Ρ)
830 1451 913 1493 ap·

136 1498 368 1555 pellatum
392 1496 443 1540 id
468 1498 540 1542 est
566 1496 625 1541 de
649 1509 793 1540 cornu
818 1510 913 1541 cer-

137 1557 247 1602 vino
281 1561 351 1602 29.

108 1612 189 1660 διὰ
236 1614 504 1674 κοραλὶου
550 1613 776 1658 trociscus
820 1612 916 1670 (dia

139 1674 385 1719 corallium
428 1686 473 1730 c,
527 1671 831 1717 diacoralium
876 1685 915 1727 Ρ

138 1733 270 1789 Sim.)
294 1736 351 1776 48
384 1731 463 1789 (ad
493 1730 781 1788 emoptoicos
806 1729 914 1774 Cas-

140 1792 234 1837 sius
299 1790 432 1835 Felix
503 1789 554 1834 in
631 1788 913 1834 antidotario

138 1850 300 1896 Simon
323 1863 357 1896 s.
382 1863 440 1904 v.,
470 1850 547 1894 sed
576 1861 671 1893 non
700 1860 914 1893 memora-

138 1914 218 1954 twr
247 1911 300 1953 in
331 1923 368 1953 c.
393 1910 485 1964 39).

110 1982 191 2028 διὰ
231 1981 479 2039 κοχλιῶν
491 1992 504 2026 :
545 1980 848 2036 emplastrum
858 2014 868 2023 .
881 2014 891 2024 .
903 2012 913 2022 .

140 2043 265 2098 quod
319 2040 562 2098 appellant
607 2038 688 2083 dia
733 2037 916 2083 coclion

141 2100 238 2157 (dia
298 2100 466 2146 codion
509 2100 565 2156 Ρ)

141 2158 312 2205 cocleis
344 2172 399 2215 cp
432 2163 501 2202 31.

109 2229 191 2278 διὰ
214 2232 459 2277 κωδυῶν
488 2230 585 2287 (dia
609 2230 777 2275 codion
811 2232 914 2287 9⁰10)

142 2297 215 2336 33.
250 2291 293 2335 d.
328 2290 635 2335 electuarium
667 2295 736 2334 66.
789 2290 846 2344 cf.
878 2302 913 2334 s,

141 2349 339 2394 κωδύαι.

111 2405 193 2453 διὰ
225 2407 517 2453 λευκοίουε
553 2406 786 2452 collirium
816 2405 914 2450 dia—

142 2467 274 2512 leuco
301 2470 308 2521 1
333 2467 416 2510 hiu
439 2467 499 2523 (9,
524 2466 736 2511 dialeuco
763 2464 847 2509 hui
877 2478 915 2520 c,

142 2525 351 2571 dialento
368 2525 452 2569 hiu
468 2526 522 2581 Ρ)
548 2524 839 2582 appellatum
865 2523 916 2567 id

143 2586 216 2629 est
233 2586 290 2629 de
306 2584 435 2629 viola
446 2589 501 2628 29
520 2585 595 2639 (cf.
610 2583 722 2627 Sim.
736 2596 770 2627 s.
784 2583 913 2639 hyn).

112 2641 195 2688 διὰ
237 2639 502 2700 λιβάνουζ
549 2641 781 2687 collirium
820 2641 918 2685 dia·

142 2703 353 2747 libanum
383 2715 413 2758 9
443 2705 514 2745 29.

113 2758 195 2806 διὰ
219 2756 549 2816 μελιλώτου
573 2758 802 2816 epithima
824 2757 919 2814 (dia

143 2820 407 2864 melilotum
459 2832 510 2876 9,
558 2816 920 2862 diamellilotum

626 2097 676 2142 id
730 2098 802 2142 est
860 2111 917 2142 ex

1017 246 1077 289 Ρ,
1109 234 1216 300 -Τῐο
1248 234 1303 334 ο).
1321 237 1391 278 34.
1455 233 1794 289 (diameliloton

995 305 1066 394 δῖ]
1099 291 1316 406 Ἑὲῗβθὲιι)
1327 291 1522 407 ἒοὲῖέξ)
1550 297 1796 396 ἓξὸῐοῦιιω

1027 410 1087 465 (9,
1119 408 1311 453 diarobo
1335 421 1372 464 e,
1408 409 1605 454 diorubfi
1628 412 1684 467 Ρ)
1712 424 1795 467 ap·

1025 467 1205 523 pellata
1246 467 1296 511 id
1343 469 1412 511 est
1457 467 1514 512 de
1561 481 1670 514 ervo
1723 474 1795 515 40.

1025 525 1153 570 aliud
1165 525 1408 570 diorobum
1420 526 1721 572 electuarium
1733 528 1794 572 ib.

995 580 1062 629 δι’
1104 577 1379 642 ὀστρέωνε
1426 585 1549 630 sicco
1593 585 1797 631 medica-

1024 644 1182 688 mento
1229 643 1465 688 diostreon
1523 645 1703 700 (—tren
1756 646 1797 700 c)

1025 702 1284 828 ἓὲῗὲἐέἳξῗ.
1297 702 1582 827 613ρέιίοέἒὲ
1609 704 1796 805 ἓῗέἓῑίἓ

1023 819 1155 864 Felix
1183 820 1234 864 in
1264 819 1550 865 antldotario
1576 852 1585 862 .
1611 855 1622 865 .
1648 856 1658 866 .
1683 819 1795 865 Sim.

1023 892 1058 923 s.
1089 880 1164 934 v.).

995 933 1076 981 διὰ
1123 937 1218 981 τῶν
1274 936 1493 994 πικρῶν
1545 929 1797 994 ἀμυγδά-

1025 997 1171 1041 λωνε
1194 995 1419 1040 trociscus
1443 995 1521 1039 dia
1535 997 1619 1040 ton
1634 995 1798 1052 pici-on

1027 1054 1295 1112 amigdalon
1378 1054 1644 1111 appellatus
1724 1059 1796 1099 44.

1027 1113 1329 1158 electuarium
1347 1148 1357 1158 .
1376 1148 1386 1158 .
1407 1147 1418 1157 .
1435 1113 1513 1157 dia
1531 1114 1615 1157 ton
1635 1112 1798 1169 picron

1024 1171 1797 1275 ffifflz..³.31235231.212125}·

1026 1289 1178 1346 gdalis
1210 1294 1280 1334 66.

996 1344 1078 1392 διὰ
1112 1344 1376 1405 πιτύρουε
1407 1346 1659 1404 diapitiron
1689 1360 1801 1391 ana-

1027 1406 1366 1463 gargarismate
1403 1405 1452 1449 id
1490 1407 1562 1450 est
1599 1419 1655 1449 ex
1694 1419 1798 1450 can-

1026 1465 1163 1509 tabro
1193 1479 1223 1522 9
1256 1470 1326 1509 35.
1379 1463 1499 1508 illud
1535 1464 1661 1520 quod
1700 1464 1798 1508 dia-

1026 1523 1204 1581 pitiron
1225 1525 1396 1568 vocant
1424 1522 1473 1567 id
1505 1525 1576 1567 est
1607 1536 1662 1566 ex
1693 1537 1799 1567 can-

1026 1582 1163 1627 tabro
1194 1595 1224 1639 9
1254 1587 1324 1626 37.

998 1637 1079 1686 διὰ
1137 1639 1434 1699 πρασσὶουε
1492 1639 1799 1684 medicamen·

1025 1701 1128 1743 tum
1159 1698 1284 1755 quod
1314 1698 1557 1756 appellant
1589 1698 1798 1765 diapras-

1027 1758 1146 1802 sium
1183 1758 1235 1801 id
1274 1759 1344 1802 est
1384 1771 1441 1801 ex
1485 1756 1722 1801 marrubio
1770 1769 1801 1812 9

1027 1821 1098 1861 40.
1149 1817 1206 1872 ef.
1231 1821 1304 1860 41.
1338 1821 1392 1861 66
1425 1815 1729 1872 (diaprasium
1761 1828 1800 1870 c,

1027 1875 1144 1919 —sii
1152 1889 1190 1932 Ρ
1208 1878 1296 1931 66).
1335 1889 1474 1918 marr.
1500 1876 1635 1918 etiam
1655 1874 1783 1918 Ptin.

1028 1934 1136 1991 ΑΡ.,
1166 1934 1322 1978 Dio-sc.
1356 1933 1477 1989 αῑΡῙι.

999 1990 1078 2038 διὰ
1122 1991 1484 2051 ῥαφανίδωντ
1530 1989 1709 2036 vomitu
1743 2003 1800 2034 ex

1026 2051 1261 2096 radicibus
1299 2050 1443 2095 uteris
1478 2049 1603 2106 quod
1634 2047 1802 2093 Graeci

1030 2109 1354 2155 diarafanidon
1383 2110 1555 2153 vocant
1586 2113 1627 2153 1.

999 2166 1079 2214 διὰ
1098 2165 1316 2227 bodam:
1333 2167 1562 2212 collirium
1576 2164 1802 2210 diarodon

1029 2228 1087 2272 de
1134 2226 1432 2284 septuaginta
1468 2225 1645 2269 duabus
1677 2223 1801 2279 quod

1030 2286 1194 2330 Graeci
1207 2283 1703 2330 diebdomaecontadio
1721 2295 1800 2338 ap-

1028 2345 1210 2402 pellant
1242 2349 1298 2388 29
1331 2343 1454 2400 (Gal.
1479 2342 1585 2396 XII,
1619 2344 1736 2395 767).

999 2400 1080 2449 διὰ
1098 2399 1426 2459 σαμψύχουῖ
1458 2399 1683 2457 epithima
1699 2399 1796 2442 dia-

1029 2476 1292 2507 samsucum
1352 2459 1640 2516 appellatum
1710 2470 1800 2524 9cp

1028 2526 1103 2565 41.
1149 2519 1457 2575 (diasansuco)
1485 2531 1540 2573 cp
1564 2521 1635 2560 42.
1683 2516 1800 2572 (dia-

1031 2593 1276 2624 sansucum
1315 2591 1359 2632 c,
1400 2589 1510 2620 —co
1537 2577 1592 2630 Ρ)
1624 2578 1694 2619 43.
1728 2578 1799 2616 44.

1031 2643 1102 2683 51.
1137 2643 1206 2683 71.
1240 2642 1309 2681 74.

1002 2693 1083 2742 διὰ
1106 2697 1190 2740 τοῦ
1216 2693 1469 2752 σιλφίουτ
1499 2689 1801 2735 electuarium

988 2796 991 2802 .
1032 2754 1286 2799 diatusilfiu
1341 2754 1438 2810 (910,
1498 2764 1634 2793 -um
1680 2750 1719 2804 c)
1772 2761 1801 2790 a

1032 2813 1219 2859 Graecis
1254 2810 1540 2868 appellatum
1570 2812 1642 2852 41.
