2004 3186
804 98 1203 151 -155—

302 216 446 267 aliud.
517 219 686 283 opium
734 224 872 267 aceto
919 218 1193 268 resolutum
1235 225 1284 268 et
1330 219 1482 270 fronti
1518 221 1748 272 illinitum
1787 232 1836 273 et

154 289 359 341 naribus
398 293 676 356 appositum
715 306 943 341 somnum
982 292 1111 342 facit.
1174 299 1258 341 aut
1293 301 1427 342 certe
1465 295 1629 358 ipsum
1669 298 1835 360 opium

154 364 333 414 floculo
380 364 628 414 inclusum
674 370 725 414 et
769 364 850 414 filo
895 364 1096 430 ligatum
1154 365 1318 430 podici
1371 368 1566 433 inicieS‚
1620 375 1670 419 et
1722 384 1835 420 cum

152 440 370 504 soporati
407 438 595 488 fuerint
632 437 875 487 detrahes,

299 519 609 577 unguentum
640 512 970 577 soporiferum
1002 513 1256 562 freneticis
1287 515 1598 564 conveniens,
1658 515 1833 581 codyas
1858 526 1877 559 5

151 585 201 634 id
235 593 312 635 est
341 587 597 650 papaveris
630 587 839 650 agrestis
870 586 1114 652 capitella,
1156 586 1431 652 serpillum,
1463 586 1673 638 hederae
1707 589 1833 654 folia,

152 665 454 724 castoreum,
501 661 665 708 omnia
702 658 793 708 1111
839 661 889 708 in
930 675 1054 724 aqua
1094 669 1142 709 et
1189 659 1297 708 oleo
1344 660 1592 725 decoques
1631 669 1680 711 et
1725 664 1832 727 ipso

150 732 259 782 oleo
299 734 470 783 uteris,

297 806 443 856 aliud.
511 806 724 856 hederae
771 807 910 868 folia,
959 806 1275 856 chamaemeli
1312 807 1483 873 ssoreS‚
1529 808 1831 873 spondylion,

149 879 428 946 herpyllon,
475 879 678 930 herbam
724 882 979 945 papaveris
1023 880 1230 941 hortini,
1278 880 1616 948 sisymbrium,
1669 884 1830 932 omnia
1858 894 1897 924 10

152 968 237 1003 sex
285 953 432 1004 simul
478 956 530 1003 in
576 969 701 1019 aqua
749 961 798 1003 et
843 954 951 1003 oleo
999 954 1201 1004 decocta
1248 962 1297 1004 et
1353 956 1526 1019 capitis
1573 956 1696 1005 fotui
1751 956 1830 1006 ad·

148 1026 302 1077 hibita
341 1027 558 1077 dormire
598 1028 786 1077 faciunt
824 1028 1104 1078 freneticos,

626 1174 792 1226 LXIII.
854 1175 932 1224 Ad
973 1176 1353 1241 lethargicos.

294 1277 573 1344 Lethargici
611 1278 845 1329 dicuntur
888 1281 924 1328 ii
971 1281 1055 1344 qui
1095 1278 1322 1328 sensibus
1363 1279 1553 1329 obtusis
1593 1295 1705 1329 cum
1745 1279 1827 1329 ob-

146 1351 324 1401 livione
386 1354 567 1402 mentis
629 1359 772 1402 acuta
832 1352 969 1402 febre
1032 1354 1290 1402 iactantur.
1377 1354 1603 1418 sequitur
1664 1360 1828 1403 autem
1854 1364 1894 1396 15

144 1427 392 1490 patientes
423 1433 479 1476 ut
511 1441 661 1492 supra
692 1426 905 1476 diximus
936 1425 1090 1475 febris
1121 1433 1287 1492 acuta,
1329 1441 1562 1476 sensuum
1594 1442 1826 1491 pressura

145 1514 318 1559 somno
359 1499 554 1566 similiS‚
594 1499 968 1566 insensibilitaS‚
1019 1507 1181 1549 motus
1214 1496 1490 1549 'difficultas
1530 1515 1641 1549 cum
1679 1500 1826 1565 pulsu

145 1575 331 1622 extanti
370 1580 420 1623 et
457 1575 605 1623 inani.
660 1581 709 1623 et
740 1575 981 1639 contingit
1019 1575 1307 1638 frequenter
1347 1573 1466 1623 haec
1503 1575 1667 1638 passio
1699 1576 1825 1623 seni-

142 1645 236 1696 bus
275 1649 429 1712 magis
469 1653 626 1698 aetate
667 1662 812 1713 quam
852 1646 1135 1712 iuvenibuS,
1173 1653 1396 1711 tempore
1436 1646 1634 1697 vernali.

290 1723 341 1770 in
397 1721 736 1771 curationibus
797 1735 914 1770 vero
977 1722 1207 1786 primitus
1269 1722 1398 1770 sicut
1458 1722 1510 1769 in
1572 1720 1824 1770 freneticis
1849 1732 1893 1764 20

144 1794 398 1844 scarifabis
453 1802 537 1844 aut
591 1796 770 1844 acriori
825 1793 1034 1859 clystere
1090 1793 1348 1843 evacuabis
1402 1800 1453 1843 et
1510 1801 1656 1859 caput
1709 1809 1822 1860 oxy-

265 2014 287 2053 1
322 2010 526 2054 solutum
557 2024 593 2054 σ.
746 2012 794 2054 et
825 2035 880 2042 —-
913 2011 975 2065 (2)
1008 2007 1123 2053 facit
1160 2021 1245 2053 om.
1277 2022 1312 2053 σ.
1464 2014 1491 2052 3
1531 2008 1749 2056 floculum
1787 2022 1823 2062 c,

140 2067 353 2114 follicl'm
377 2083 415 2126 Ρ
447 2068 586 2126 (-l'o
609 2072 701 2126 ΡΟ).
835 2070 884 2113 et
907 2082 965 2124 p:
998 2081 1028 2112 a
1058 2082 1094 2113 c.
1214 2067 1371 2112 inities
1394 2081 1445 2124 Ρ.
1566 2072 1595 2110 4
1626 2067 1755 2125 opati
1786 2082 1823 2123 σ,

143 2128 294 2186 sepati
317 2142 354 2185 Ρ
387 2128 558 2186 (sopati
580 2131 672 2185 ΡΟ).
820 2127 978 2172 trahes
1002 2140 1053 2183 Ρ.
1205 2130 1231 2170 5
1265 2126 1444 2171 codias:
1481 2128 1548 2171 sic
1579 2141 1644 2183 σΡ.
1797 2132 1822 2171 6

142 2187 350 2244 capitula
374 2201 424 2243 Ρ.
578 2193 602 2231 7
636 2200 795 2232 omnes
826 2186 914 2230 IIII
943 2187 1048 2241 (sic)
1081 2199 1127 2240 c,
1157 2198 1242 2230 om.
1266 2200 1317 2242 Ρ.
1468 2191 1494 2230 9
1526 2185 1640 2230 folia
1670 2198 1754 2231 om.
1786 2199 1821 2230 σ.

143 2247 390 2291 ca-memoli
411 2261 464 2303 Ρ,
498 2245 792 2292 camamelini
825 2260 861 2290 σ.
984 2243 1206 2302 spondilii
1234 2244 1486 2301 heripilion
1508 2257 1543 2299 c,
1577 2243 1821 2301 spondilio.

141 2319 343 2377 serpillo.
370 2334 419 2376 Ρ.
605 2325 658 2364 10
690 2319 832 2364 ortini
856 2333 900 2375 c,
937 2320 1061 2364 ortifi
1084 2332 1136 2375 Ρ.
1318 2317 1538 2362 sisimbrii
1567 2332 1610 2373 c,
1643 2307 1748 2362 —b¹
1770 2332 1819 2375 Ρ.

143 2392 302 2423 omnes
339 2378 416 2423 VI.
475 2379 515 2423 si
551 2378 601 2423 in
639 2393 764 2435 aqua.
795 2380 844 2424 et:
874 2393 915 2423 o.
949 2392 993 2435 c,
1034 2376 1203 2424 Omnia
1234 2377 1373 2421 simul
1410 2377 1459 2421 in
1491 2377 1593 2421 oleo
1625 2378 1674 2421 et
1703 2389 1743 2422 a.
1769 2391 1818 2433 Ρ.

144 2457 195 2495 11
239 2451 408 2509 capitis
437 2435 571 2510 §claui
594 2465 654 2509 p:
687 2451 833 2508 capiti
862 2452 1019 2496 focum
1051 2465 1086 2497 σ.
1226 2455 1277 2494 12
1310 2450 1424 2495 facit
1454 2463 1521 2506 σΡ.
1663 2454 1716 2493 13
1748 2450 1820 2492 Ad

140 2511 380 2568 litargicos
420 2525 461 2556 c:
501 2511 571 2555 De
610 2511 801 2568 litargia.
831 2524 882 2567 Ρ.
1065 2515 1120 2555 14
1150 2508 1377 2566 Litargici
1409 2510 1495 2564 (sic
1523 2512 1709 2565 semper)
1751 2522 1817 2564 σΡ.

138 2568 197 2614 ii:
228 2569 298 2614 hii
328 2584 372 2625 σ,
403 2569 477 2614 his
499 2584 550 2626 Ρ.
703 2569 882 2614 obtusis
913 2582 957 2625 c,
990 2569 1169 2626 optusis
1193 2582 1244 2625 Ρ.
1375 2572 1428 2612 15
1461 2568 1594 2612 acute
1624 2566 1751 2611 febre
1781 2580 1818 2619 σ,

141 2630 280 2674 acuta
310 2628 431 2673 febri
454 2642 506 2686 Ρ.
659 2634 713 2674 16
753 2632 921 2673 sensusi
960 2642 1004 2674 c:
1045 2642 1204 2673 sensus
1229 2641 1280 2683 Ρ.
1434 2630 1486 2670 18
1529 2625 1656 2670 inani
1688 2639 1711 2669 σ
1739 2626 1816 2679 (cf.

142 2686 262 2732 Cael.
285 2688 346 2733 A.
370 2701 441 2733 ox.
468 2692 520 2743 2,
550 2689 616 2744 3):
647 2687 789 2732 maici
817 2689 922 2743 (sic)
946 2702 994 2743 Ρ.
1117 2689 1166 2731 et
1195 2699 1279 2731 om.
1297 2699 1348 2742 Ρ.
1469 2684 1744 2741 contingunt
1766 2698 1817 2740 Ρ.

144 2751 197 2791 19
229 2747 410 2797 vernali
440 2760 484 2792 c:
516 2760 659 2791 verno
682 2760 733 2804 Ρ.
855 2751 913 2791 20
945 2745 1206 2791 Cui-ationis
1237 2744 1451 2801 primitus
1483 2756 1521 2796 σ,
1554 2742 1814 2787 Cui-ationis

139 2819 250 2850 vero
282 2805 536 2863 primordio
561 2819 612 2861 Ρ.
733 2810 788 2849 21
823 2804 1102 2850 scarificabis
1134 2817 1202 2861 cp.
1324 2805 1406 2847 aul:
1436 2815 1518 2847 om.
1551 2816 1587 2847 c.
