2004 3186
806 106 1062 160 -248
1143 136 1205 143 —

193 221 363 267 tidiato
385 236 440 279 ρο
462 227 536 267 40.
569 221 871 279 hipediocotz'i.
895 227 964 266 66.

193 280 467 339 gliquiritia,
485 279 660 326 -ricia
675 285 746 325 33.
771 285 830 325 34
852 282 966 337 eta).

161 365 219 400 os
257 354 433 399 ventris
476 355 551 410 (=
591 348 644 398 τὸ
693 350 843 410 στόμα
882 356 967 411 τῆς

192 410 389 470 γαστρὸς
421 413 524 458 Gal.
557 413 642 467 XI,
674 414 751 469 40)
783 417 856 457 59.

163 497 219 530 os
249 499 347 543 yen.
382 486 476 530 ossi
498 499 585 543 ρῳ
607 490 667 530 20
691 486 811 542 (bis).
860 499 964 532 osso

190 547 276 601 (90,
300 558 402 589 osse
419 547 473 601 p)
499 550 569 590 29.
611 545 668 599 cf.
698 544 877 590 Oribas.
903 547 963 590 ab

190 617 295 648 osso
339 603 427 659 VI,
469 609 568 648 175.
630 603 681 647 in
719 604 834 648 ossis
879 610 964 650 182

189 663 267 716 (ib.
310 666 350 706 et
381 662 580 720 ossibus,
621 665 744 720 ossa)
776 667 817 707 et
846 676 963 709 nom.

188 733 251 777 sy.
287 735 429 765 ossus.

161 779 412 825 osculatio
437 775 796 838 (ἄναστόμωσις)
825 794 963 826 vena·

158 843 495 954 olilil'lluffhac)
514 911 538 942 c
555 903 579 942 6
598 901 640 942 et
658 901 726 953 15,
745 898 812 954 '910
829 903 887 944 40
905 924 960 931 —

186 955 377 999 ovinum
399 969 438 1013 p
471 961 496 1000 6
528 960 571 1001 et
603 960 681 1013 15,
714 970 737 1000 c
768 961 840 1001 40.

157 1028 378 1084 oxymeli
421 1029 635 1086 (oximel,
683 1031 814 1075 cuius
856 1044 960 1076 con-

184 1088 320 1142 fectio
344 1089 648 1133 conscribitur
672 1094 740 1134 34.
775 1090 835 1144 cf.
864 1092 959 1147 75):

185 1160 276 1191 acc.
304 1146 476 1192 oximel
499 1161 529 1205 9
545 1152 604 1192 34
627 1148 698 1204 (ut
713 1161 768 1204 cp
790 1161 962 1206 semper

183 1210 253 1250 43.
300 1209 371 1251 59.
418 1210 486 1251 65.
534 1211 602 1260 71.
655 1212 733 1263 75,
779 1208 856 1252 sed
901 1209 958 1262 cf.

186 1264 381 1309 exmelle
414 1278 437 1309 c
468 1269 552 1320 34,
584 1265 801 1311 oximelle
834 1281 857 1310 c
887 1271 960 1324 43,

183 1322 387 1368 oximell'
429 1337 453 1368 c
490 1328 546 1368 59
586 1338 678 1381 pro
726 1325 958 1382 oxymeli).

182 1382 273 1427 abl.
314 1382 531 1428 oximelle
568 1397 598 1439 9
639 1389 661 1427 1
705 1385 819 1440 (qen.
863 1384 959 1428 oxi-

181 1440 335 1485 mellis
368 1454 424 1498 cp
456 1446 496 1485 9.
530 1445 620 1498 58).
665 1446 719 1486 ut
748 1442 957 1487 rodomel

182 1513 205 1542 c
275 1501 376 1555 (om.
437 1502 487 1557 p)
551 1505 605 1544 61
678 1501 957 1556 (rhodomeli

181 1557 363 1603 Pallad.
399 1563 449 1614 6,
492 1559 587 1615 16),
633 1559 957 1604 cionomelitos

182 1618 257 1672 (===
275 1617 524 1674 oenomeli)
543 1623 612 1662 61.
631 1644 686 1650 —
701 1619 758 1673 cf.
772 1620 957 1663 acetum

180 1675 382 1721 mulsum
413 1675 600 1721 salitum
635 1683 704 1722 11.

150 1735 269 1792 pala
299 1734 457 1791 (Cael.)
492 1740 560 1781 66.

151 1793 405 1849 palmulae
437 1819 493 1828 —
526 1795 618 1839 vid.
651 1795 842 1852 dactyli.

151 1852 416 1908 palumbus
450 1849 644 1910 (φάσσα)
677 1857 749 1900 48.

150 1923 396 1968 papyrum
426 1917 572 1957 neutr.
607 1917 677 1958 20.
723 1927 954 1970 papyrum

179 1970 495 2015 vitriariorum
527 1972 587 2017 ib.

149 2043 319 2100 passio
338 2045 412 2101 (--
434 2046 638 2101 affectus,
662 2040 837 2100 πάθος,
852 2041 954 2089 διά-

177 2105 332 2159 θεσις)
363 2105 633 2160 saepissime.

148 2172 351 2218 passum
362 2160 594 2207 Creticum
607 2164 656 2219 (i.
671 2176 708 2209 e.
722 2163 952 2219 optimum

181 2219 418 2275 Plin.14,
442 2222 518 2276 81)
552 2227 622 2267 76.
656 2225 728 2266 80.

148 2278 444 2336 pastinare:
481 2293 592 2334 cum
617 2279 758 2324 melle
788 2279 951 2336 pastil-

178 2337 278 2382 lato
312 2342 383 2383 19.
416 2342 487 2384 20.

148 2396 445 2453 pediculosa
473 2397 631 2454 passio
662 2402 704 2441 3.

147 2455 411 2511 peiorante
441 2456 656 2514 passione
686 2460 758 2502 40.
792 2461 863 2501 66.
895 2460 950 2500 76

179 2515 253 2569 (cf.
288 2514 440 2570 Cael).

147 2573 443 2629 pendigines
484 2569 667 2630 (κόλποι
709 2574 777 2618 vel
819 2574 951 2618 sinus

175 2633 394 2688 ulcerum)
428 2637 499 2680 19.

146 2690 478 2746 pendiginosa
510 2691 704 2748 (ulcera)
735 2695 805 2736 20.

146 2748 417 2805 penicillos
434 2750 653 2805 (—cellos
665 2751 738 2808 cp)
754 2750 949 2807 frigidos

176 2807 252 2852 vel
305 2808 480 2853 calidos
535 2808 727 2866 (frigida.
791 2823 948 2866 posca,

1089 220 1242 281 calida
1257 235 1380 277 aqua,
1395 222 1652 278 expressos)
1668 225 1723 266 29
1739 223 1855 279 (ter).

1087 285 1157 325 30.
1191 284 1261 325 34.
1295 285 1366 324 37.
1401 284 1455 324 75
1488 282 1566 323 etc.
1713 310 1723 315 μ

1055 350 1221 396 penna
1251 339 1336 395 (sic
1364 338 1553 396 semper)
1594 337 1858 395 gallinacea·

1087 403 1112 442 1
1145 402 1224 443 etc.

1055 466 1386 513 percussura:
1433 455 1483 500 in
1526 455 1628 513 ipso
1678 457 1854 512 punctu

1083 528 1387 631 ggrcufsmgae
1397 516 1470 617 (θῖ
1475 514 1574 630 ἰῖἒῗ
1582 514 1856 572 scorpionis)

1193 587 1218 619 c
1242 608 1252 619 .
1329 586 1438 618 ome
1577 607 1588 618 .

1054 643 1326 689 percussus
1343 633 1441 688 (ubi
1452 646 1538 677 rec.
1558 655 1615 666 -
1628 645 1663 688 p
1679 657 1736 665 -
1752 645 1853 689 per-

1084 693 1293 748 cussura.)
1327 698 1364 735 1.
1400 696 1455 735 29
1481 692 1563 736 bis.
1596 696 1667 735 32.
1684 695 1755 737 39.
1777 696 1853 736 66.

1052 749 1324 806 perfrictio
1377 751 1452 806 (==
1509 749 1656 807 frigor
1706 755 1757 806 90
1810 755 1854 806 1,

1081 809 1224 865 ψῦξις
1245 809 1503 865 erkdltuny)
1518 821 1689 865 semper
1704 822 1749 865 9,
1772 809 1856 853 ubi

1079 882 1166 913 rec.
1196 869 1252 925 (p
1283 872 1324 912 et
1346 869 1615 925 plerumque
1643 868 1780 912 etiam
1809 871 1849 921 c)

1079 927 1193 977 vitio
1229 928 1417 972 solemni
1454 925 1723 983 perfricatio
1768 926 1854 983 (vel

1081 985 1354 1042 perfrigatio
1364 999 1402 1042 p
1414 990 1485 1030 41.
1500 986 1597 1041 42).
1614 984 1856 1041 perfrictio

1082 1044 1248 1102 capitis
1290 1046 1410 1100 (opp.
1453 1043 1656 1100 adustio)
1702 1048 1741 1089 1.
1782 1048 1852 1088 34.

1081 1104 1140 1157 cf.
1165 1107 1236 1147 28.
1269 1107 1340 1147 29.
1373 1108 1445 1148 37.
1477 1107 1547 1147 38.
1580 1107 1651 1147 41.
1683 1106 1754 1146 42.
1779 1106 1851 1146 44.

1081 1167 1151 1207 47.
1191 1166 1262 1206 48.
1303 1166 1374 1206 51.
1415 1166 1486 1208 64.
1549 1161 1635 1206 sub
1669 1161 1852 1218 ingenti

1079 1221 1380 1277 perfrictione
1420 1221 1507 1276 (ita
1543 1221 1619 1266 hic
1656 1220 1729 1276 cp)
1769 1221 1857 1264 aut

1078 1279 1252 1336 frigore
1282 1285 1340 1325 46
1372 1283 1414 1324 et
1442 1292 1548 1324 mox
1591 1293 1648 1324 ex
1677 1278 1851 1335 frigore

1080 1341 1162 1383 aut
1191 1339 1424 1396 profunda
1445 1337 1746 1395 perfrictione
1769 1338 1856 1393 (sic

1077 1398 1214 1442 etiam
1236 1399 1310 1454 cp)
1338 1403 1409 1442 46.
1435 1422 1491 1430 —
1517 1396 1733 1454 quotiens
1749 1396 1852 1441 dor-

1078 1456 1188 1500 salis
1225 1456 1434 1501 medulla
1472 1455 1741 1512 perfrixerit
1778 1459 1848 1500 38.

1047 1514 1324 1571 pernicies:
1343 1513 1588 1571 perniones
1604 1527 1632 1558 a
1647 1513 1853 1571 pernicie

1078 1576 1134 1628 (c,
1163 1574 1371 1628 pernetie
1393 1587 1436 1630 9,
1465 1572 1665 1629 pernitie
1682 1574 1736 1628 p)
1766 1586 1849 1629 pa-

1075 1631 1296 1677 tientium
1325 1632 1533 1676 locorum
1568 1635 1636 1676 10.

1046 1691 1329 1748 pessarium
1360 1695 1431 1736 46.
1466 1695 1536 1736 78.
1569 1694 1641 1735 80.

1045 1761 1247 1807 pessum
1279 1751 1344 1806 (c,
1373 1763 1534 1806 pessus
1558 1751 1614 1806 p)
1649 1752 1719 1793 78.

1045 1811 1310 1866 petrosus:
1343 1808 1604 1866 saxifragae
1634 1810 1851 1865 petrosae

1044 1926 1140 1984 ph:
1202 1927 1255 1972 in
1307 1927 1485 1984 yraecis
1530 1938 1705 1982 semper
1755 1925 1853 1979 fere

1073 1986 1293 2031 scribitm·
1330 1986 1354 2030 f
1357 2021 1370 2041 ,
1401 1989 1587 2042 praeter
1625 1983 1852 2040 cephalea

1075 2046 1135 2100 (1.
1189 2050 1262 2088 41.
1340 2044 1419 2089 dia
1472 2042 1721 2100 coephales
1774 2046 1846 2087 35.

1075 2103 1449 2161 caephalopodas
1487 2107 1559 2147 40.
1607 2101 1850 2158 cephalico

1075 2164 1161 2218 19),
1194 2161 1508 2219 staphisagria
1530 2162 1590 2217 (3.
1618 2165 1658 2216 1,
1682 2160 1764 2205 ubi
1779 2161 1849 2204 bis

1071 2225 1113 2264 et
1150 2220 1434 2277 stafisagria,
1482 2222 1540 2275 cf.
1583 2218 1848 2276 stafisagria

1071 2292 1125 2335 cp
1157 2282 1257 2336 32),
1289 2277 1563 2335 simphitum
1595 2279 1669 2335 (39
1702 2277 1771 2322 bis
1805 2281 1848 2322 et

1071 2337 1314 2394 simfitum,
1348 2338 1406 2391 cf.
1439 2336 1616 2381 sinfisin
1647 2339 1744 2392 26),
1774 2350 1847 2380 re-

1072 2396 1172 2441 sina
1223 2396 1502 2453 colophonia
1554 2400 1636 2452 42,
1689 2394 1846 2451 (iatro-

1069 2455 1308 2570 Zss‘ffiffissss
1338 2469 1408 2570 ὅ..
1418 2457 1596 2569 ²321>-
1613 2453 1847 2569 5⁰25.ssss

1070 2578 1143 2628 42,
1174 2573 1361 2630 sperula
1392 2577 1449 2618 28
1475 2574 1533 2629 (et
1555 2585 1640 2617 rec.
1676 2576 1745 2616 76.
1773 2574 1844 2626 78,

1069 2632 1146 2677 sed
1174 2631 1346 2676 sferula
1375 2632 1436 2677 ib.
1463 2632 1555 2687 76).
1603 2630 1682 2675 sed
1711 2629 1843 2686 hipo-

1071 2690 1303 2736 sfaumata
1342 2695 1422 2747 29,
1461 2689 1740 2746 diasfongon
1770 2692 1844 2744 39,

1068 2749 1381 2794 microsfixian
1411 2753 1484 2794 42.
1516 2773 1572 2780 -
1597 2761 1688 2806 pro
1723 2746 1843 2817 phth

1068 2820 1154 2854 scr.
1171 2809 1258 2865 pth
1272 2809 1359 2865 (pt)
1377 2809 1430 2852 in
1441 2807 1610 2864 pthoes
1622 2806 1844 2864 (φθοαις)
