2004 3186
768 137 1132 191 —15—

110 274 299 308 morem
355 260 654 326 exprimere,
706 265 756 308 et
812 260 883 307 sic
939 258 1354 307 medicamentum
1409 274 1558 324 supra
1612 259 1798 310 dictum

109 333 267 382 linire.

575 434 696 484 VIII.
759 434 839 484 Ad
879 434 1139 485 maculas
1179 434 1353 485 albas.

258 530 470 588 Maculas
493 538 625 588 albas
643 537 818 587 Graeci
841 538 1016 603 alphus
1039 538 1206 591 leucas
1230 544 1542 588 vocaverunt.
1589 554 1798 588 nascun-

110 619 194 662 tur
233 612 491 676 aliquando
530 613 582 660 in
621 611 757 661 vultu
797 611 1058 676 aliquando
1096 614 1148 661 in
1187 618 1291 662 toto
1335 627 1543 677 corpore
1584 627 1644 662 ex
1682 612 1798 677 fleg·
1822 624 1843 657 5

110 687 287 734 matico
328 686 473 734 nimis
513 687 615 734 acri
653 685 728 734 vel
767 685 894 734 salso
934 685 1156 736 humore.

258 774 379 823 quas
412 758 610 823 quidem
647 760 717 808 sic
756 758 989 824 probabis
1022 761 1064 808 si
1097 775 1156 808 ex
1193 765 1334 824 parte
1367 761 1532 809 curari
1563 765 1800 824 poterunt

109 838 194 882 aut
247 839 381 881 certe
437 833 636 881 omnino
690 832 989 882 incurabiles
1051 833 1396 883 ostenduntur.
1485 833 1799 898 superficiem

109 907 259 972 cutiS‚
305 905 354 955 id
395 912 471 955 est
509 905 750 957 maculam
789 907 1044 956 candidam
1085 922 1176 956 acu
1215 906 1292 955 vel
1338 912 1482 956 acuto
1533 906 1798 956 flebotomo

107 979 357 1029 modicum
409 995 602 1044 punges
655 986 711 1029 ut
764 995 863 1029 non
919 982 1065 1029 nimis
1109 987 1364 1047 penetreS‚
1420 987 1470 1030 et
1517 981 1559 1030 si
1608 980 1796 1030 lacteus
1823 993 1864 1025 10

107 1053 287 1103 humor
331 1053 482 1102 fuerit
529 1053 784 1119 excluS11S‚
841 1056 1040 1103 omnino
1086 1053 1375 1103 incurabilis
1414 1054 1795 1107 demonstratur.

108 1129 151 1176 si
182 1142 298 1176 vero
337 1142 428 1192 pro
461 1127 668 1176 humore
702 1129 901 1190 sanguis
940 1129 1138 1195 exierit,
1178 1143 1237 1177 ex
1266 1135 1407 1192 parte
1440 1130 1605 1177 curari
1636 1134 1798 1177 osten-

108 1200 257 1252 ditur.
325 1206 590 1266 propterea
635 1207 832 1266 oportet
878 1202 1234 1266 flegmagogum
1283 1203 1628 1266 purgatorium
1682 1201 1800 1249 dare

108 1274 240 1339 quod
272 1274 454 1324 dicitur
486 1274 757 1325 elaterium.
820 1276 1081 1324 conficitur
1113 1276 1197 1324 sic.
1261 1276 1474 1340 accipies
1507 1290 1799 1324 cucumeres

108 1363 299 1397 amaros
353 1354 573 1412 agrestes
628 1355 848 1398 maturos
903 1355 953 1398 et
1010 1347 1200 1397 secabis
1256 1355 1305 1398 et
1357 1349 1409 1397 in
1456 1363 1539 1397 vas
1590 1363 1798 1398 aeneum
1823 1361 1865 1394 15

106 1423 288 1472 mittes,
353 1421 444 1471 alia
483 1422 560 1471 die
601 1437 750 1471 manu
789 1424 1036 1487 exprimes
1075 1428 1126 1472 et
1162 1424 1327 1487 ipsum
1360 1437 1537 1471 sucum
1570 1421 1662 1471 sub
1702 1422 1798 1470 fer-

106 1497 239 1545 venti
293 1495 396 1545 sole
451 1495 682 1562 siccabiS‚
736 1502 786 1546 et
838 1502 1101 1561 postquam
1155 1497 1369 1545 siccatus
1424 1496 1597 1562 fuerit,
1652 1495 1800 1544 addes

105 1571 286 1619 iterum
309 1584 387 1630 ‚ex
424 1571 532 1634 ipso
574 1585 693 1619 suco
733 1571 982 1620 modicum
1022 1576 1079 1619 ut
1115 1568 1242 1619 bene
1284 1576 1568 1619 crassescat.
1636 1575 1686 1618 et
1724 1569 1799 1617 fac

103 1644 346 1692 trociscos
388 1643 733 1693 drachmarum
773 1643 1102 1710 singularum,
1143 1659 1202 1692 ex
1243 1643 1424 1707 quibus
1465 1642 1603 1692 dabis
1643 1658 1799 1691 unum

107 1732 222 1766 cum
266 1716 425 1766 mulsa
470 1718 651 1766 ieiuno.
721 1717 815 1767 hoc
866 1716 1100 1782 purgabis
1146 1717 1407 1766 humorem
1462 1716 1695 1780 frigidum
1748 1715 1798 1764 id
1822 1728 1865 1760 20

107 1797 183 1840 est
228 1790 580 1856 flegmaticum,
634 1793 842 1840 maxime
894 1806 919 1839 a
966 1792 1124 1855 capite
1172 1790 1248 1838 vel
1302 1805 1330 1838 a
1381 1789 1537 1838 fundo
1589 1788 1798 1849 cerebri,

107 1864 239 1914 unde
288 1866 448 1913 omnis
499 1865 773 1914 nervositas
822 1864 1116 1913 infunditur.
1194 1869 1243 1912 et
1287 1870 1402 1928 post
1452 1864 1797 1929 purgationem

228 2010 251 2048 1
277 2004 619 2050 medicamento
647 2040 657 2049 .
683 2040 694 2050 .
724 2041 734 2051 .
757 2005 884 2051 dicto
900 2019 938 2062 Ρ
963 2004 1124 2062 (Pezion,
1147 2005 1230 2049 ubi
1251 2003 1460 2061 illinire).
1581 2009 1610 2047 4
1634 2003 1800 2060 alphus

107 2078 131 2109 0
175 2064 356 2121 (alphas
390 2064 556 2119 Petr.):
596 2063 715 2108 alfos
746 2078 797 2120 Ρ.
982 2070 1007 2108 6
1039 2064 1112 2109 ve]
1146 2063 1285 2108 nimis
1319 2064 1443 2108 Petr.
1624 2076 1731 2107 acro
1762 2076 1798 2108 0.

109 2129 134 2168 7
159 2122 367 2180 poterint
382 2137 434 2179 Ρ,
458 2123 712 2180 potuerunt
735 2137 770 2167 0.
893 2128 920 2168 8
953 2125 1037 2168 aut
1061 2125 1206 2167 certe:
1238 2123 1305 2167 sie
1319 2136 1383 2179 Ρο
1406 2123 1452 2179 (l.
1474 2123 1556 2166 aut
1579 2123 1798 2178 contraP).

107 2181 312 2227 ostendit:
342 2182 609 2238 superficies
634 2182 753 2226 cutis
770 2195 834 2238 Ρο
858 2182 1039 2239 (Petro.
1162 2187 1187 2226 9
1221 2181 1271 2225 id
1302 2184 1393 2226 est:
1425 2180 1552 2225 idem
1576 2195 1613 2234 e,
1645 2194 1729 2225 om.
1746 2194 1798 2236 Ρ.

106 2242 291 2286 macula
329 2240 527 2286 candida
565 2254 589 2286 0
627 2241 702 2297 (ef.
738 2241 904 2298 Petra),
951 2241 1160 2285 maculas
1200 2240 1333 2285 albas
1371 2241 1448 2285 vel
1487 2238 1709 2284 candidas
1748 2253 1798 2295 Ρ.

108 2306 163 2345 10
194 2299 382 2345 modion
413 2314 456 2344 c.
490 2314 602 2344 —co
629 2314 678 2356 Ρ.
830 2302 879 2345 et
909 2314 1004 2345 non
1034 2300 1188 2344 minus
1218 2315 1262 2356 p.
1296 2313 1332 2344 0.
1485 2301 1533 2343 ei]
1554 2313 1613 2355 Ρε
1651 2298 1732 2342 sed
1763 2312 1799 2341 0.

108 2364 160 2404 11
194 2358 472 2403 incurabiles
516 2359 893 2404 demonstrantur
917 2374 968 2416 Ρ.
1121 2364 1176 2404 12
1210 2358 1517 2404 ostenduntur
1540 2372 1590 2413 Ρ.
1746 2361 1800 2399 14

107 2417 379 2463 elacterium
403 2431 456 2474 Ρ,
487 2416 670 2462 darium
702 2419 802 2487 (310)
834 2432 858 2464 0
887 2414 1154 2476 (ἐλατήριον
1186 2431 1269 2463 sec.
1303 2417 1407 2462 Gal.
1432 2417 1560 2471 XII,
1599 2419 1699 2461 122
1739 2419 1801 2459 est

105 2491 242 2522 sucus
277 2478 458 2532 fruetus
497 2479 746 2522 cucumeris
791 2479 1014 2536 ame-stis).
1167 2480 1221 2520 15
1264 2478 1311 2521 et
1349 2474 1528 2521 secabis
1567 2475 1640 2532 (cf.
1674 2474 1801 2517 Ptin.

107 2541 179 2589 20,
212 2537 280 2592 3):
313 2537 361 2580 et
392 2534 605 2593 stipticos
630 2550 681 2592 Ρ,
714 2537 762 2581 ei:
792 2537 990 2582 siccatos
1021 2551 1044 2581 0
1075 2534 1313 2592 (excitalla,
1344 2535 1498 2592 Petr..)
1639 2537 1694 2576 16
1727 2546 1800 2576 ex-

105 2594 268 2652 primis
291 2609 342 2652 Ρ.
494 2595 578 2639 sub
610 2609 653 2639 0.
687 2608 771 2640 0111.
795 2609 833 2652 Ρ
866 2596 944 2652 (ad
975 2595 1123 2641 solem
1156 2595 1315 2651 Petr..)
1469 2598 1522 2638 17
1556 2591 1733 2636 siccati-1
1764 2604 1800 2645 0,

107 2669 253 2713 siccat
292 2683 341 2726 Ρ.
496 2674 548 2714 19
593 2669 893 2726 dragmarum
940 2670 1009 2727 (ut
1053 2682 1224 2726 semper
1269 2672 1310 2712 et
1350 2670 1396 2725 9)
1438 2680 1506 2722 ep.
1657 2679 1801 2709 unum

107 2728 293 2784 (Petra)
327 2727 376 2774 ..Ι
399 2741 474 2784 Ρο.
657 2732 713 2771 20
747 2741 852 2772 011111
883 2742 966 2773 om
992 2742 1028 2773 0.
1179 2727 1335 2772 ieiuno
1368 2725 1554 2781 (Petra)
1585 2739 1730 2768 —nus
1763 2737 1800 2779 0,

107 2785 238 2831 —nis
260 2801 312 2843 Ρ.
439 2786 467 2844 [5
497 2787 720 2844 purgabit}
743 2801 801 2843 p:
835 2787 1147 2844 depurgatum
1180 2786 1361 2842 (huore)
1389 2799 1424 2829 0.
1575 2782 1800 2840 frigidum

107 2859 131 2890 0
161 2846 348 2902 (Petr.)·
381 2859 463 2890 om.
489 2860 540 2903 Ρ.
662 2845 712 2890 id
744 2847 834 2890 est.
867 2845 911 2891 .i
940 2861 989 2902 Ρ,
1020 2845 1146 2890 idem
1179 2846 1278 2901 (810)
1311 2858 1334 2888 0
1365 2844 1487 2901 (item
1511 2857 1562 2899 Ρ.
1594 2847 1670 2897 16,
1701 2843 1766 2897 2).
