<?xml version="1.0" encoding="UTF-8"?>
<!DOCTYPE html PUBLIC "-//W3C//DTD XHTML 1.0 Transitional//EN"
    "http://www.w3.org/TR/xhtml1/DTD/xhtml1-transitional.dtd">
<html xmlns="http://www.w3.org/1999/xhtml" xml:lang="en" lang="en">
 <head>
  <title>
</title>
<meta http-equiv="Content-Type" content="text/html;charset=utf-8" />
  <meta name='ocr-system' content='tesseract 3.04.00' />
  <meta name='ocr-capabilities' content='ocr_page ocr_carea ocr_par ocr_line ocrx_word'/>
</head>
<body>
  <div class='ocr_page' id='page_1' title='image "./demedicinaexgrae00cassuoft_0195.png"; bbox 0 0 2004 3186; ppageno 0'>
   <div class='ocr_carea' id='block_1_1' title="bbox 803 102 1199 175">
    <p class='ocr_par' dir='ltr' id='par_1_1' title="bbox 803 102 1199 175">
     <span class='ocr_line' id='line_1_1' title="bbox 803 102 1199 175; baseline 0.003 -21"><span class='ocrx_word' id='word_1_1' title='bbox 803 131 867 137; x_wconf 95' lang='lat'><strong>—</strong></span> <span class='ocrx_word' id='word_1_2' title='bbox 952 102 1081 175; x_wconf 29' lang='lat'>181·</span> <span class='ocrx_word' id='word_1_3' title='bbox 1138 131 1199 139; x_wconf 84' lang='lat'>—</span> 
     </span>
    </p>
   </div>
   <div class='ocr_carea' id='block_1_2' title="bbox 152 211 1838 360">
    <p class='ocr_par' dir='ltr' id='par_1_2' title="bbox 152 211 1838 360">
     <span class='ocr_line' id='line_1_2' title="bbox 152 211 1838 290; baseline 0.006 -23"><span class='ocrx_word' id='word_1_4' title='bbox 152 217 366 284; x_wconf 85' lang='lat' dir='ltr'>pellatur</span> <span class='ocrx_word' id='word_1_5' title='bbox 404 219 630 270; x_wconf 91' lang='lat' dir='ltr'><strong>similiter</strong></span> <span class='ocrx_word' id='word_1_6' title='bbox 667 234 898 285; x_wconf 77' lang='lat' dir='ltr'><strong>appones,</strong></span> <span class='ocrx_word' id='word_1_7' title='bbox 961 211 1226 270; x_wconf 84' lang='lat' dir='ltr'><strong>novissimo</strong></span> <span class='ocrx_word' id='word_1_8' title='bbox 1266 238 1382 272; x_wconf 88' lang='lat' dir='ltr'><strong>vero</strong></span> <span class='ocrx_word' id='word_1_9' title='bbox 1433 226 1474 273; x_wconf 93' lang='lat' dir='ltr'><strong>si</strong></span> <span class='ocrx_word' id='word_1_10' title='bbox 1513 224 1673 290; x_wconf 89' lang='lat' dir='ltr'><strong>aliqua</strong></span> <span class='ocrx_word' id='word_1_11' title='bbox 1710 228 1838 278; x_wconf 80' lang='lat' dir='ltr'><strong>forte</strong></span> 
     </span>
     <span class='ocr_line' id='line_1_3' title="bbox 152 292 1658 360; baseline 0.005 -19"><span class='ocrx_word' id='word_1_12' title='bbox 152 293 508 360; x_wconf 81' lang='lat' dir='ltr'>remanserint,</span> <span class='ocrx_word' id='word_1_13' title='bbox 546 293 625 343; x_wconf 91' lang='lat' dir='ltr'><strong>dia</strong></span> <span class='ocrx_word' id='word_1_14' title='bbox 655 292 874 358; x_wconf 87' lang='lat' dir='ltr'><strong>thapsias</strong></span> <span class='ocrx_word' id='word_1_15' title='bbox 914 295 1043 344; x_wconf 88' lang='lat' dir='ltr'><strong>sicut</strong></span> <span class='ocrx_word' id='word_1_16' title='bbox 1079 295 1132 343; x_wconf 90' lang='lat' dir='ltr'><strong>in</strong></span> <span class='ocrx_word' id='word_1_17' title='bbox 1170 295 1449 346; x_wconf 83' lang='lat' dir='ltr'><strong>ischiadicis</strong></span> <span class='ocrx_word' id='word_1_18' title='bbox 1488 300 1658 348; x_wconf 74' lang='lat' dir='ltr'><strong>uteris</strong></span> 
     </span>
    </p>
   </div>
   <div class='ocr_carea' id='block_1_3' title="bbox 614 424 1381 493">
    <p class='ocr_par' dir='ltr' id='par_1_3' title="bbox 614 424 1381 493">
     <span class='ocr_line' id='line_1_4' title="bbox 614 424 1381 493; baseline 0.007 -19"><span class='ocrx_word' id='word_1_19' title='bbox 614 424 821 474; x_wconf 88' lang='lat' dir='ltr'><strong>LXXVI.</strong></span> <span class='ocrx_word' id='word_1_20' title='bbox 883 425 963 474; x_wconf 83' lang='lat' dir='ltr'><strong>Ad</strong></span> <span class='ocrx_word' id='word_1_21' title='bbox 1002 426 1381 493; x_wconf 60' lang='lat' dir='ltr'><strong>hydropicos</strong></span> 
     </span>
    </p>
   </div>
   <div class='ocr_carea' id='block_1_4' title="bbox 147 527 1911 1849">
    <p class='ocr_par' dir='ltr' id='par_1_4' title="bbox 147 527 1911 1849">
     <span class='ocr_line' id='line_1_5' title="bbox 299 527 1839 600; baseline 0.005 -23"><span class='ocrx_word' id='word_1_22' title='bbox 299 527 390 578; x_wconf 91' lang='lat' dir='ltr'><strong>Est</strong></span> <span class='ocrx_word' id='word_1_23' title='bbox 429 535 594 578; x_wconf 90' lang='lat' dir='ltr'><strong>autem</strong></span> <span class='ocrx_word' id='word_1_24' title='bbox 641 527 910 594; x_wconf 80' lang='lat' dir='ltr'><strong>hydropica</strong></span> <span class='ocrx_word' id='word_1_25' title='bbox 953 532 1117 595; x_wconf 85' lang='lat' dir='ltr'><strong>passio</strong></span> <span class='ocrx_word' id='word_1_26' title='bbox 1164 531 1360 581; x_wconf 84' lang='lat' dir='ltr'><strong>diffusio</strong></span> <span class='ocrx_word' id='word_1_27' title='bbox 1406 532 1629 583; x_wconf 88' lang='lat' dir='ltr'><strong>humoris</strong></span> <span class='ocrx_word' id='word_1_28' title='bbox 1668 538 1839 600; x_wconf 84' lang='lat' dir='ltr'><strong>aquosi</strong></span> 
     </span>
     <span class='ocr_line' id='line_1_6' title="bbox 153 601 1882 671; baseline 0.003 -18"><span class='ocrx_word' id='word_1_29' title='bbox 153 617 267 653; x_wconf 90' lang='lat' dir='ltr'><strong>cum</strong></span> <span class='ocrx_word' id='word_1_30' title='bbox 319 601 573 652; x_wconf 89' lang='lat' dir='ltr'><strong>inflatione</strong></span> <span class='ocrx_word' id='word_1_31' title='bbox 621 602 896 652; x_wconf 89' lang='lat' dir='ltr'><strong>secundum</strong></span> <span class='ocrx_word' id='word_1_32' title='bbox 942 606 1270 654; x_wconf 81' lang='lat' dir='ltr'><strong>retentionem</strong></span> <span class='ocrx_word' id='word_1_33' title='bbox 1318 607 1521 671; x_wconf 87' lang='lat' dir='ltr'><strong>spiritus</strong></span> <span class='ocrx_word' id='word_1_34' title='bbox 1572 607 1729 657; x_wconf 90' lang='lat' dir='ltr'><strong>isdem</strong></span> <span class='ocrx_word' id='word_1_35' title='bbox 1774 608 1836 658; x_wconf 78' lang='lat' dir='ltr'><strong>la·</strong></span> <span class='ocrx_word' id='word_1_36' title='bbox 1862 620 1882 651; x_wconf 83' lang='lat'>5</span> 
     </span>
     <span class='ocr_line' id='line_1_7' title="bbox 149 675 1839 748; baseline 0.003 -22"><span class='ocrx_word' id='word_1_37' title='bbox 149 675 442 726; x_wconf 90' lang='lat' dir='ltr'><strong>horantibus</strong></span> <span class='ocrx_word' id='word_1_38' title='bbox 506 676 692 725; x_wconf 83' lang='lat' dir='ltr'><strong>effecta.</strong></span> <span class='ocrx_word' id='word_1_39' title='bbox 785 683 836 726; x_wconf 91' lang='lat' dir='ltr'><strong>et</strong></span> <span class='ocrx_word' id='word_1_40' title='bbox 896 682 1012 726; x_wconf 92' lang='lat' dir='ltr'><strong>sunt</strong></span> <span class='ocrx_word' id='word_1_41' title='bbox 1076 677 1335 728; x_wconf 82' lang='lat' dir='ltr'><strong>distantiae</strong></span> <span class='ocrx_word' id='word_1_42' title='bbox 1395 682 1638 745; x_wconf 88' lang='lat' dir='ltr'><strong>passionis</strong></span> <span class='ocrx_word' id='word_1_43' title='bbox 1699 681 1839 748; x_wconf 89' lang='lat' dir='ltr'><strong>duae,</strong></span> 
     </span>
     <span class='ocr_line' id='line_1_8' title="bbox 151 749 1837 819; baseline 0.004 -20"><span class='ocrx_word' id='word_1_44' title='bbox 151 764 362 815; x_wconf 90' lang='lat' dir='ltr'><strong>quarum</strong></span> <span class='ocrx_word' id='word_1_45' title='bbox 411 764 508 799; x_wconf 91' lang='lat' dir='ltr'><strong>una</strong></span> <span class='ocrx_word' id='word_1_46' title='bbox 554 765 581 798; x_wconf 94' lang='lat' dir='ltr'><strong>a</strong></span> <span class='ocrx_word' id='word_1_47' title='bbox 626 749 878 800; x_wconf 88' lang='lat' dir='ltr'><strong>veteribus</strong></span> <span class='ocrx_word' id='word_1_48' title='bbox 925 752 1103 801; x_wconf 90' lang='lat' dir='ltr'><strong>ascites</strong></span> <span class='ocrx_word' id='word_1_49' title='bbox 1148 754 1452 819; x_wconf 88' lang='lat' dir='ltr'><strong>nominatur,</strong></span> <span class='ocrx_word' id='word_1_50' title='bbox 1498 754 1548 803; x_wconf 93' lang='lat' dir='ltr'><strong>id</strong></span> <span class='ocrx_word' id='word_1_51' title='bbox 1595 761 1671 804; x_wconf 89' lang='lat' dir='ltr'><strong>est</strong></span> <span class='ocrx_word' id='word_1_52' title='bbox 1717 757 1837 804; x_wconf 90' lang='lat' dir='ltr'><strong>utri·</strong></span> 
     </span>
     <span class='ocr_line' id='line_1_9' title="bbox 152 822 1838 891; baseline 0.003 -18"><span class='ocrx_word' id='word_1_53' title='bbox 152 823 343 891; x_wconf 90' lang='lat' dir='ltr'><strong>culosa,</strong></span> <span class='ocrx_word' id='word_1_54' title='bbox 397 822 457 872; x_wconf 89' lang='lat' dir='ltr'><strong>ab</strong></span> <span class='ocrx_word' id='word_1_55' title='bbox 512 824 669 889; x_wconf 91' lang='lat' dir='ltr'><strong>epatis</strong></span> <span class='ocrx_word' id='word_1_56' title='bbox 722 823 800 873; x_wconf 90' lang='lat' dir='ltr'><strong>vel</strong></span> <span class='ocrx_word' id='word_1_57' title='bbox 854 824 1037 890; x_wconf 90' lang='lat' dir='ltr'><strong>splenis</strong></span> <span class='ocrx_word' id='word_1_58' title='bbox 1092 832 1176 875; x_wconf 89' lang='lat' dir='ltr'><strong>aut</strong></span> <span class='ocrx_word' id='word_1_59' title='bbox 1234 827 1472 876; x_wconf 85' lang='lat' dir='ltr'><strong>stomachi</strong></span> <span class='ocrx_word' id='word_1_60' title='bbox 1525 827 1603 876; x_wconf 87' lang='lat' dir='ltr'><strong>vel</strong></span> <span class='ocrx_word' id='word_1_61' title='bbox 1662 843 1838 878; x_wconf 90' lang='lat' dir='ltr'><strong>renum</strong></span> 
     </span>
     <span class='ocr_line' id='line_1_10' title="bbox 151 897 1838 966; baseline 0.002 -20"><span class='ocrx_word' id='word_1_62' title='bbox 151 898 387 947; x_wconf 86' lang='lat' dir='ltr'><strong>saxietate</strong></span> <span class='ocrx_word' id='word_1_63' title='bbox 428 904 606 947; x_wconf 91' lang='lat' dir='ltr'><strong>creata.</strong></span> <span class='ocrx_word' id='word_1_64' title='bbox 667 897 820 948; x_wconf 87' lang='lat' dir='ltr'><strong>altera</strong></span> <span class='ocrx_word' id='word_1_65' title='bbox 855 913 971 947; x_wconf 87' lang='lat' dir='ltr'><strong>vero</strong></span> <span class='ocrx_word' id='word_1_66' title='bbox 1011 914 1136 964; x_wconf 88' lang='lat' dir='ltr'><strong>quae</strong></span> <span class='ocrx_word' id='word_1_67' title='bbox 1175 902 1470 965; x_wconf 81' lang='lat' dir='ltr'><strong>tympanites</strong></span> <span class='ocrx_word' id='word_1_68' title='bbox 1510 901 1780 966; x_wconf 90' lang='lat' dir='ltr'><strong>appellatur</strong></span> <span class='ocrx_word' id='word_1_69' title='bbox 1812 917 1838 950; x_wconf 90' lang='lat' dir='ltr'><strong>a</strong></span> 
     </span>
     <span class='ocr_line' id='line_1_11' title="bbox 149 970 1911 1039; baseline 0.003 -19"><span class='ocrx_word' id='word_1_70' title='bbox 149 970 383 1037; x_wconf 84' lang='lat' dir='ltr'><strong>pulmone</strong></span> <span class='ocrx_word' id='word_1_71' title='bbox 432 973 696 1037; x_wconf 86' lang='lat' dir='ltr'><strong>contingit,</strong></span> <span class='ocrx_word' id='word_1_72' title='bbox 745 987 805 1021; x_wconf 81' lang='lat' dir='ltr'><strong>ex</strong></span> <span class='ocrx_word' id='word_1_73' title='bbox 851 987 949 1036; x_wconf 90' lang='lat' dir='ltr'><strong>quo</strong></span> <span class='ocrx_word' id='word_1_74' title='bbox 995 972 1228 1038; x_wconf 83' lang='lat' dir='ltr'><strong>pulmone</strong></span> <span class='ocrx_word' id='word_1_75' title='bbox 1269 972 1361 1023; x_wconf 88' lang='lat' dir='ltr'><strong>sub</strong></span> <span class='ocrx_word' id='word_1_76' title='bbox 1398 975 1587 1039; x_wconf 86' lang='lat' dir='ltr'><strong>ingenti</strong></span> <span class='ocrx_word' id='word_1_77' title='bbox 1626 977 1834 1025; x_wconf 87' lang='lat' dir='ltr'><strong>ventosi·</strong></span> <span class='ocrx_word' id='word_1_78' title='bbox 1860 987 1911 1018; x_wconf 36' lang='lat'><strong>10*</strong></span> 
     </span>
     <span class='ocr_line' id='line_1_12' title="bbox 151 1045 1837 1114; baseline 0.002 -20"><span class='ocrx_word' id='word_1_79' title='bbox 151 1051 251 1095; x_wconf 89' lang='lat' dir='ltr'><strong>tate</strong></span> <span class='ocrx_word' id='word_1_80' title='bbox 284 1052 457 1095; x_wconf 86' lang='lat' dir='ltr'><strong>venter</strong></span> <span class='ocrx_word' id='word_1_81' title='bbox 488 1045 688 1096; x_wconf 88' lang='lat' dir='ltr'><strong>inflatus</strong></span> <span class='ocrx_word' id='word_1_82' title='bbox 720 1046 1021 1114; x_wconf 82' lang='lat' dir='ltr'><strong>ostenditur,</strong></span> <span class='ocrx_word' id='word_1_83' title='bbox 1058 1048 1126 1096; x_wconf 90' lang='lat' dir='ltr'><strong>ita</strong></span> <span class='ocrx_word' id='word_1_84' title='bbox 1157 1055 1213 1097; x_wconf 94' lang='lat' dir='ltr'><strong>ut</strong></span> <span class='ocrx_word' id='word_1_85' title='bbox 1245 1062 1358 1097; x_wconf 90' lang='lat' dir='ltr'><strong>cum</strong></span> <span class='ocrx_word' id='word_1_86' title='bbox 1392 1048 1544 1098; x_wconf 84' lang='lat' dir='ltr'><strong>fuerit</strong></span> <span class='ocrx_word' id='word_1_87' title='bbox 1574 1050 1837 1114; x_wconf 90' lang='lat' dir='ltr'><strong>inspicien-</strong></span> 
     </span>
     <span class='ocr_line' id='line_1_13' title="bbox 149 1118 1837 1188; baseline 0.001 -18"><span class='ocrx_word' id='word_1_88' title='bbox 149 1121 214 1170; x_wconf 93' lang='lat' dir='ltr'><strong>tis</strong></span> <span class='ocrx_word' id='word_1_89' title='bbox 260 1118 420 1185; x_wconf 86' lang='lat' dir='ltr'><strong>palma</strong></span> <span class='ocrx_word' id='word_1_90' title='bbox 459 1119 706 1188; x_wconf 89' lang='lat' dir='ltr'><strong>pulsatus,</strong></span> <span class='ocrx_word' id='word_1_91' title='bbox 755 1121 975 1186; x_wconf 80' lang='lat' dir='ltr'><strong>tympani</strong></span> <span class='ocrx_word' id='word_1_92' title='bbox 1013 1122 1229 1171; x_wconf 90' lang='lat' dir='ltr'><strong>sonitum</strong></span> <span class='ocrx_word' id='word_1_93' title='bbox 1274 1122 1442 1188; x_wconf 87' lang='lat' dir='ltr'><strong>faciat,</strong></span> <span class='ocrx_word' id='word_1_94' title='bbox 1487 1122 1618 1172; x_wconf 92' lang='lat' dir='ltr'><strong>unde</strong></span> <span class='ocrx_word' id='word_1_95' title='bbox 1658 1138 1837 1172; x_wconf 88' lang='lat' dir='ltr'><strong>nomen</strong></span> 
     </span>
     <span class='ocr_line' id='line_1_14' title="bbox 150 1193 1839 1260; baseline 0.001 -18"><span class='ocrx_word' id='word_1_96' title='bbox 150 1199 207 1243; x_wconf 91' lang='lat' dir='ltr'><strong>ut</strong></span> <span class='ocrx_word' id='word_1_97' title='bbox 238 1208 389 1259; x_wconf 88' lang='lat' dir='ltr'><strong>supra</strong></span> <span class='ocrx_word' id='word_1_98' title='bbox 420 1193 520 1243; x_wconf 86' lang='lat' dir='ltr'><strong>dixi</strong></span> <span class='ocrx_word' id='word_1_99' title='bbox 551 1196 714 1260; x_wconf 91' lang='lat' dir='ltr'><strong>passio</strong></span> <span class='ocrx_word' id='word_1_100' title='bbox 747 1195 1044 1260; x_wconf 78' lang='lat' dir='ltr'><strong>tympanites</strong></span> <span class='ocrx_word' id='word_1_101' title='bbox 1076 1197 1279 1260; x_wconf 90' lang='lat' dir='ltr'><strong>accepit.</strong></span> <span class='ocrx_word' id='word_1_102' title='bbox 1343 1195 1430 1244; x_wconf 91' lang='lat' dir='ltr'><strong>sed</strong></span> <span class='ocrx_word' id='word_1_103' title='bbox 1460 1195 1592 1245; x_wconf 87' lang='lat' dir='ltr'><strong>illam</strong></span> <span class='ocrx_word' id='word_1_104' title='bbox 1629 1197 1839 1260; x_wconf 87' lang='lat' dir='ltr'><strong>primam</strong></span> 
     </span>
     <span class='ocr_line' id='line_1_15' title="bbox 150 1267 1837 1333; baseline 0.001 -17"><span class='ocrx_word' id='word_1_105' title='bbox 150 1282 298 1332; x_wconf 89' lang='lat' dir='ltr'><strong>quam</strong></span> <span class='ocrx_word' id='word_1_106' title='bbox 356 1268 542 1317; x_wconf 89' lang='lat' dir='ltr'><strong>asciten</strong></span> <span class='ocrx_word' id='word_1_107' title='bbox 598 1267 811 1319; x_wconf 88' lang='lat' dir='ltr'><strong>diximus</strong></span> <span class='ocrx_word' id='word_1_108' title='bbox 857 1267 980 1318; x_wconf 89' lang='lat' dir='ltr'><strong>haec</strong></span> <span class='ocrx_word' id='word_1_109' title='bbox 1027 1271 1164 1333; x_wconf 86' lang='lat' dir='ltr'><strong>signa</strong></span> <span class='ocrx_word' id='word_1_110' title='bbox 1212 1275 1464 1319; x_wconf 88' lang='lat' dir='ltr'><strong>secuntur.</strong></span> <span class='ocrx_word' id='word_1_111' title='bbox 1520 1271 1837 1318; x_wconf 43' lang='lat' dir='ltr'><strong>*insurrectio</strong></span> 
     </span>
     <span class='ocr_line' id='line_1_16' title="bbox 147 1338 1904 1409; baseline 0.001 -19"><span class='ocrx_word' id='word_1_112' title='bbox 147 1342 336 1391; x_wconf 83' lang='lat' dir='ltr'><strong>ventris</strong></span> <span class='ocrx_word' id='word_1_113' title='bbox 376 1341 748 1407; x_wconf 89' lang='lat' dir='ltr'><strong>superdistensa</strong></span> <span class='ocrx_word' id='word_1_114' title='bbox 785 1348 836 1392; x_wconf 88' lang='lat' dir='ltr'><strong>et</strong></span> <span class='ocrx_word' id='word_1_115' title='bbox 877 1338 1099 1408; x_wconf 85' lang='lat' dir='ltr'><strong>&lt;super&gt;</strong></span> <span class='ocrx_word' id='word_1_116' title='bbox 1137 1344 1342 1407; x_wconf 87' lang='lat' dir='ltr'><strong>inguina</strong></span> <span class='ocrx_word' id='word_1_117' title='bbox 1381 1349 1431 1392; x_wconf 90' lang='lat' dir='ltr'><strong>et</strong></span> <span class='ocrx_word' id='word_1_118' title='bbox 1474 1357 1643 1409; x_wconf 89' lang='lat' dir='ltr'><strong>crura,</strong></span> <span class='ocrx_word' id='word_1_119' title='bbox 1682 1342 1838 1392; x_wconf 90' lang='lat' dir='ltr'><strong>albida</strong></span> <span class='ocrx_word' id='word_1_120' title='bbox 1862 1354 1904 1386; x_wconf 86' lang='lat'><strong>15</strong></span> 
     </span>
     <span class='ocr_line' id='line_1_17' title="bbox 151 1415 1836 1481; baseline 0 -17"><span class='ocrx_word' id='word_1_121' title='bbox 151 1415 380 1465; x_wconf 89' lang='lat' dir='ltr'><strong>efficitur.</strong></span> <span class='ocrx_word' id='word_1_122' title='bbox 451 1431 575 1480; x_wconf 91' lang='lat' dir='ltr'><strong>quae</strong></span> <span class='ocrx_word' id='word_1_123' title='bbox 623 1415 810 1465; x_wconf 88' lang='lat' dir='ltr'><strong>inflatio</strong></span> <span class='ocrx_word' id='word_1_124' title='bbox 858 1431 974 1466; x_wconf 89' lang='lat' dir='ltr'><strong>cum</strong></span> <span class='ocrx_word' id='word_1_125' title='bbox 1020 1415 1186 1480; x_wconf 86' lang='lat' dir='ltr'><strong>digitis</strong></span> <span class='ocrx_word' id='word_1_126' title='bbox 1233 1416 1385 1465; x_wconf 86' lang='lat' dir='ltr'><strong>fuerit</strong></span> <span class='ocrx_word' id='word_1_127' title='bbox 1429 1417 1669 1481; x_wconf 89' lang='lat' dir='ltr'><strong>impressa</strong></span> <span class='ocrx_word' id='word_1_128' title='bbox 1723 1432 1836 1465; x_wconf 91' lang='lat' dir='ltr'><strong>con-</strong></span> 
     </span>
     <span class='ocr_line' id='line_1_18' title="bbox 150 1488 1837 1556; baseline -0.001 -16"><span class='ocrx_word' id='word_1_129' title='bbox 150 1491 371 1540; x_wconf 85' lang='lat' dir='ltr'><strong>cavitatis</strong></span> <span class='ocrx_word' id='word_1_130' title='bbox 420 1489 630 1540; x_wconf 86' lang='lat' dir='ltr'><strong>formam</strong></span> <span class='ocrx_word' id='word_1_131' title='bbox 669 1488 907 1556; x_wconf 82' lang='lat' dir='ltr'><strong>ostendit,</strong></span> <span class='ocrx_word' id='word_1_132' title='bbox 952 1489 1085 1555; x_wconf 91' lang='lat' dir='ltr'><strong>quod</strong></span> <span class='ocrx_word' id='word_1_133' title='bbox 1124 1489 1300 1539; x_wconf 88' lang='lat' dir='ltr'><strong>Graeci</strong></span> <span class='ocrx_word' id='word_1_134' title='bbox 1345 1491 1596 1554; x_wconf 81' lang='lat' dir='ltr'><strong>entyposis</strong></span> <span class='ocrx_word' id='word_1_135' title='bbox 1648 1495 1837 1538; x_wconf 89' lang='lat' dir='ltr'><strong>vocant.</strong></span> 
     </span>
     <span class='ocr_line' id='line_1_19' title="bbox 149 1563 1836 1629; baseline -0.001 -16"><span class='ocrx_word' id='word_1_136' title='bbox 149 1571 344 1613; x_wconf 86' lang='lat' dir='ltr'><strong>ceterae</strong></span> <span class='ocrx_word' id='word_1_137' title='bbox 399 1579 517 1613; x_wconf 90' lang='lat' dir='ltr'><strong>vero</strong></span> <span class='ocrx_word' id='word_1_138' title='bbox 573 1565 914 1629; x_wconf 89' lang='lat' dir='ltr'><strong>superpositae</strong></span> <span class='ocrx_word' id='word_1_139' title='bbox 974 1570 1141 1629; x_wconf 91' lang='lat' dir='ltr'><strong>partes</strong></span> <span class='ocrx_word' id='word_1_140' title='bbox 1194 1564 1350 1612; x_wconf 92' lang='lat' dir='ltr'><strong>macie</strong></span> <span class='ocrx_word' id='word_1_141' title='bbox 1405 1569 1680 1612; x_wconf 89' lang='lat' dir='ltr'><strong>attenuatae</strong></span> <span class='ocrx_word' id='word_1_142' title='bbox 1736 1563 1836 1611; x_wconf 87' lang='lat' dir='ltr'><strong>effi-</strong></span> 
     </span>
     <span class='ocr_line' id='line_1_20' title="bbox 150 1636 1837 1704; baseline -0.002 -17"><span class='ocrx_word' id='word_1_143' title='bbox 150 1639 374 1704; x_wconf 90' lang='lat' dir='ltr'><strong>ciuntur,</strong></span> <span class='ocrx_word' id='word_1_144' title='bbox 420 1644 476 1687; x_wconf 93' lang='lat' dir='ltr'><strong>ut</strong></span> <span class='ocrx_word' id='word_1_145' title='bbox 514 1637 691 1686; x_wconf 84' lang='lat' dir='ltr'><strong>thorax</strong></span> <span class='ocrx_word' id='word_1_146' title='bbox 728 1644 906 1703; x_wconf 91' lang='lat' dir='ltr'><strong>pectus</strong></span> <span class='ocrx_word' id='word_1_147' title='bbox 945 1636 1159 1686; x_wconf 87' lang='lat' dir='ltr'><strong>brachia.</strong></span> <span class='ocrx_word' id='word_1_148' title='bbox 1230 1638 1376 1685; x_wconf 90' lang='lat' dir='ltr'><strong>etiam</strong></span> <span class='ocrx_word' id='word_1_149' title='bbox 1416 1642 1466 1685; x_wconf 90' lang='lat' dir='ltr'><strong>et</strong></span> <span class='ocrx_word' id='word_1_150' title='bbox 1501 1643 1650 1701; x_wconf 90' lang='lat' dir='ltr'><strong>potus</strong></span> <span class='ocrx_word' id='word_1_151' title='bbox 1688 1637 1837 1684; x_wconf 88' lang='lat' dir='ltr'><strong>nimia</strong></span> 
     </span>
     <span class='ocr_line' id='line_1_21' title="bbox 150 1709 1905 1777; baseline -0.003 -16"><span class='ocrx_word' id='word_1_152' title='bbox 150 1712 386 1777; x_wconf 88' lang='lat' dir='ltr'><strong>appetitio</strong></span> <span class='ocrx_word' id='word_1_153' title='bbox 435 1713 661 1776; x_wconf 88' lang='lat' dir='ltr'><strong>sequitur</strong></span> <span class='ocrx_word' id='word_1_154' title='bbox 708 1725 821 1760; x_wconf 93' lang='lat' dir='ltr'><strong>cum</strong></span> <span class='ocrx_word' id='word_1_155' title='bbox 870 1711 1147 1760; x_wconf 89' lang='lat' dir='ltr'><strong>retentione</strong></span> <span class='ocrx_word' id='word_1_156' title='bbox 1195 1709 1442 1775; x_wconf 81' lang='lat' dir='ltr'><strong>humoriS,</strong></span> <span class='ocrx_word' id='word_1_157' title='bbox 1496 1725 1555 1758; x_wconf 87' lang='lat' dir='ltr'><strong>ex</strong></span> <span class='ocrx_word' id='word_1_158' title='bbox 1611 1724 1706 1774; x_wconf 88' lang='lat' dir='ltr'><strong>qua</strong></span> <span class='ocrx_word' id='word_1_159' title='bbox 1758 1724 1834 1758; x_wconf 89' lang='lat' dir='ltr'><strong>re·</strong></span> <span class='ocrx_word' id='word_1_160' title='bbox 1860 1721 1905 1754; x_wconf 85' lang='lat'><strong>20</strong></span> 
     </span>
     <span class='ocr_line' id='line_1_22' title="bbox 149 1781 1839 1849; baseline -0.002 -14"><span class='ocrx_word' id='word_1_161' title='bbox 149 1787 371 1835; x_wconf 86' lang='lat' dir='ltr'><strong>tentione</strong></span> <span class='ocrx_word' id='word_1_162' title='bbox 426 1785 606 1834; x_wconf 90' lang='lat' dir='ltr'><strong>humor</strong></span> <span class='ocrx_word' id='word_1_163' title='bbox 666 1786 795 1833; x_wconf 91' lang='lat' dir='ltr'><strong>intra</strong></span> <span class='ocrx_word' id='word_1_164' title='bbox 849 1785 1005 1849; x_wconf 89' lang='lat' dir='ltr'><strong>spatia</strong></span> <span class='ocrx_word' id='word_1_165' title='bbox 1058 1784 1244 1833; x_wconf 90' lang='lat' dir='ltr'><strong>ventris</strong></span> <span class='ocrx_word' id='word_1_166' title='bbox 1298 1782 1520 1832; x_wconf 88' lang='lat' dir='ltr'><strong>inclusus</strong></span> <span class='ocrx_word' id='word_1_167' title='bbox 1582 1781 1839 1847; x_wconf 90' lang='lat' dir='ltr'><strong>semipleni</strong></span> 
     </span>
    </p>
   </div>
   <div class='ocr_carea' id='block_1_5' title="bbox 148 1910 1839 2870">
    <p class='ocr_par' dir='ltr' id='par_1_5' title="bbox 148 1910 1839 2870">
     <span class='ocr_line' id='line_1_23' title="bbox 274 1910 1837 1968; baseline -0.002 -13"><span class='ocrx_word' id='word_1_168' title='bbox 274 1918 298 1955; x_wconf 88' lang='lat'>1</span> <span class='ocrx_word' id='word_1_169' title='bbox 331 1911 579 1957; x_wconf 80' lang='lat' dir='ltr'><strong>novissime</strong></span> <span class='ocrx_word' id='word_1_170' title='bbox 612 1925 648 1956; x_wconf 89' lang='lat' dir='ltr'><strong>c.</strong></span> <span class='ocrx_word' id='word_1_171' title='bbox 829 1910 986 1968; x_wconf 85' lang='lat' dir='ltr'><strong>alique</strong></span> <span class='ocrx_word' id='word_1_172' title='bbox 1017 1910 1138 1956; x_wconf 85' lang='lat' dir='ltr'><strong>forte</strong></span> <span class='ocrx_word' id='word_1_173' title='bbox 1169 1924 1213 1966; x_wconf 88' lang='lat' dir='ltr'><strong>e,</strong></span> <span class='ocrx_word' id='word_1_174' title='bbox 1248 1910 1368 1955; x_wconf 84' lang='lat' dir='ltr'><strong>forte</strong></span> <span class='ocrx_word' id='word_1_175' title='bbox 1401 1910 1559 1966; x_wconf 87' lang='lat' dir='ltr'><strong>aliqua</strong></span> <span class='ocrx_word' id='word_1_176' title='bbox 1580 1922 1631 1966; x_wconf 75' lang='lat' dir='ltr'><strong>p.</strong></span> <span class='ocrx_word' id='word_1_177' title='bbox 1811 1914 1837 1952; x_wconf 86' lang='lat'>2</span> 
     </span>
     <span class='ocr_line' id='line_1_24' title="bbox 151 1967 1837 2028; baseline -0.002 -13"><span class='ocrx_word' id='word_1_178' title='bbox 151 1972 314 2028; x_wconf 88' lang='lat' dir='ltr'><strong>diapta</strong></span> <span class='ocrx_word' id='word_1_179' title='bbox 344 1971 448 2028; x_wconf 86' lang='lat' dir='ltr'><strong>psia.</strong></span> <span class='ocrx_word' id='word_1_180' title='bbox 479 1985 514 2016; x_wconf 86' lang='lat' dir='ltr'><strong>c.</strong></span> <span class='ocrx_word' id='word_1_181' title='bbox 637 1969 840 2014; x_wconf 79' lang='lat' dir='ltr'><strong>sciaticis</strong></span> <span class='ocrx_word' id='word_1_182' title='bbox 864 1983 923 2027; x_wconf 77' lang='lat' dir='ltr'><strong>p,</strong></span> <span class='ocrx_word' id='word_1_183' title='bbox 956 1974 1073 2014; x_wconf 74' lang='grc' dir='ltr'><strong>-οῦ</strong></span> <span class='ocrx_word' id='word_1_184' title='bbox 1105 1983 1128 2014; x_wconf 86' lang='lat' dir='ltr'><strong>c</strong></span> <span class='ocrx_word' id='word_1_185' title='bbox 1156 1970 1235 2024; x_wconf 79' lang='lat' dir='ltr'><strong>(cf.</strong></span> <span class='ocrx_word' id='word_1_186' title='bbox 1268 1983 1303 2013; x_wconf 86' lang='lat' dir='ltr'><strong>c.</strong></span> <span class='ocrx_word' id='word_1_187' title='bbox 1330 1973 1426 2025; x_wconf 81' lang='lat'><em>52).</em></span> <span class='ocrx_word' id='word_1_188' title='bbox 1549 1974 1575 2013; x_wconf 85' lang='lat'><strong>3</strong></span> <span class='ocrx_word' id='word_1_189' title='bbox 1605 1968 1679 2011; x_wconf 86' lang='lat' dir='ltr'><strong>Ad</strong></span> <span class='ocrx_word' id='word_1_190' title='bbox 1701 1967 1837 2024; x_wconf 81' lang='lat' dir='ltr'><strong>ydro-</strong></span> 
     </span>
     <span class='ocr_line' id='line_1_25' title="bbox 148 2026 1837 2088; baseline -0.003 -14"><span class='ocrx_word' id='word_1_191' title='bbox 148 2030 280 2088; x_wconf 88' lang='lat' dir='ltr'><strong>pieos</strong></span> <span class='ocrx_word' id='word_1_192' title='bbox 312 2044 336 2075; x_wconf 87' lang='lat' dir='ltr'><strong>c</strong></span> <span class='ocrx_word' id='word_1_193' title='bbox 365 2031 481 2083; x_wconf 78' lang='lat' dir='ltr'><strong>(ind.</strong></span> <span class='ocrx_word' id='word_1_194' title='bbox 509 2032 591 2086; x_wconf 80' lang='lat' dir='ltr'><strong>p),</strong></span> <span class='ocrx_word' id='word_1_195' title='bbox 633 2028 704 2074; x_wconf 89' lang='lat' dir='ltr'><strong>De</strong></span> <span class='ocrx_word' id='word_1_196' title='bbox 731 2029 956 2087; x_wconf 80' lang='lat' dir='ltr'><strong>ydropica</strong></span> <span class='ocrx_word' id='word_1_197' title='bbox 986 2027 1202 2085; x_wconf 81' lang='lat' dir='ltr'><strong>passione</strong></span> <span class='ocrx_word' id='word_1_198' title='bbox 1225 2042 1276 2085; x_wconf 76' lang='lat' dir='ltr'><strong>p.</strong></span> <span class='ocrx_word' id='word_1_199' title='bbox 1457 2032 1485 2071; x_wconf 80' lang='lat'>4</span> <span class='ocrx_word' id='word_1_200' title='bbox 1515 2026 1739 2084; x_wconf 82' lang='lat' dir='ltr'><strong>ydropica</strong></span> <span class='ocrx_word' id='word_1_201' title='bbox 1770 2039 1837 2083; x_wconf 78' lang='lat' dir='ltr'><strong>cp.</strong></span> 
     </span>
     <span class='ocr_line' id='line_1_26' title="bbox 151 2086 1839 2146; baseline -0.002 -14"><span class='ocrx_word' id='word_1_202' title='bbox 151 2094 177 2133; x_wconf 83' lang='lat'>5</span> <span class='ocrx_word' id='word_1_203' title='bbox 209 2089 393 2134; x_wconf 89' lang='lat' dir='ltr'><strong>hisdem</strong></span> <span class='ocrx_word' id='word_1_204' title='bbox 425 2103 479 2146; x_wconf 75' lang='lat' dir='ltr'><strong>cp</strong></span> <span class='ocrx_word' id='word_1_205' title='bbox 512 2089 590 2144; x_wconf 76' lang='lat' dir='ltr'><strong>(cf.</strong></span> <span class='ocrx_word' id='word_1_206' title='bbox 625 2102 661 2134; x_wconf 90' lang='lat' dir='ltr'><strong>c.</strong></span> <span class='ocrx_word' id='word_1_207' title='bbox 695 2091 791 2143; x_wconf 83' lang='lat'><em>75).</em></span> <span class='ocrx_word' id='word_1_208' title='bbox 966 2093 991 2132; x_wconf 88' lang='grc'><strong>6</strong></span> <span class='ocrx_word' id='word_1_209' title='bbox 1024 2087 1114 2132; x_wconf 88' lang='lat' dir='ltr'><strong>due</strong></span> <span class='ocrx_word' id='word_1_210' title='bbox 1136 2102 1198 2144; x_wconf 75' lang='lat' dir='ltr'><strong>p,</strong></span> <span class='ocrx_word' id='word_1_211' title='bbox 1236 2086 1294 2132; x_wconf 91' lang='lat' dir='ltr'><strong>II.</strong></span> <span class='ocrx_word' id='word_1_212' title='bbox 1328 2100 1362 2131; x_wconf 87' lang='lat' dir='ltr'><strong>c.</strong></span> <span class='ocrx_word' id='word_1_213' title='bbox 1535 2091 1559 2129; x_wconf 80' lang='lat'><strong>7</strong></span> <span class='ocrx_word' id='word_1_214' title='bbox 1594 2087 1770 2130; x_wconf 85' lang='lat' dir='ltr'><strong>asortes</strong></span> <span class='ocrx_word' id='word_1_215' title='bbox 1802 2098 1839 2141; x_wconf 84' lang='lat' dir='ltr'><strong>c,</strong></span> 
     </span>
     <span class='ocr_line' id='line_1_27' title="bbox 151 2146 1839 2226; baseline -0.003 -18"><span class='ocrx_word' id='word_1_216' title='bbox 151 2146 331 2226; x_wconf 52' lang='lat' dir='ltr'><strong>asfigtes</strong></span> <span class='ocrx_word' id='word_1_217' title='bbox 354 2177 403 2220; x_wconf 75' lang='lat' dir='ltr'><strong>p.</strong></span> <span class='ocrx_word' id='word_1_218' title='bbox 587 2162 840 2207; x_wconf 76' lang='lat' dir='ltr'><strong>articulosa</strong></span> <span class='ocrx_word' id='word_1_219' title='bbox 879 2176 914 2206; x_wconf 85' lang='lat' dir='ltr'><strong>c.</strong></span> <span class='ocrx_word' id='word_1_220' title='bbox 1097 2165 1123 2205; x_wconf 89' lang='grc'><strong>9</strong></span> <span class='ocrx_word' id='word_1_221' title='bbox 1159 2160 1385 2205; x_wconf 82' lang='lat' dir='ltr'><strong>saxietate</strong></span> <span class='ocrx_word' id='word_1_222' title='bbox 1416 2174 1476 2217; x_wconf 77' lang='lat' dir='ltr'><strong>p,</strong></span> <span class='ocrx_word' id='word_1_223' title='bbox 1515 2158 1772 2226; x_wconf 78' lang='lat' dir='ltr'><strong>sanxietate</strong></span> <span class='ocrx_word' id='word_1_224' title='bbox 1803 2171 1839 2203; x_wconf 86' lang='lat' dir='ltr'><strong>c.</strong></span> 
     </span>
     <span class='ocr_line' id='line_1_28' title="bbox 150 2217 1838 2280; baseline -0.005 -12"><span class='ocrx_word' id='word_1_225' title='bbox 150 2224 243 2280; x_wconf 80' lang='lat' dir='ltr'><strong>ti(y</strong></span> <span class='ocrx_word' id='word_1_226' title='bbox 266 2221 542 2280; x_wconf 82' lang='lat' dir='ltr'><strong>c)mpanites</strong></span> <span class='ocrx_word' id='word_1_227' title='bbox 568 2235 636 2278; x_wconf 78' lang='lat' dir='ltr'><strong>cp.</strong></span> <span class='ocrx_word' id='word_1_228' title='bbox 761 2226 813 2266; x_wconf 88' lang='lat'><strong>11</strong></span> <span class='ocrx_word' id='word_1_229' title='bbox 838 2221 1020 2265; x_wconf 82' lang='lat' dir='ltr'><strong>venter:</strong></span> <span class='ocrx_word' id='word_1_230' title='bbox 1052 2219 1182 2265; x_wconf 86' lang='lat' dir='ltr'><strong>venti</strong></span> <span class='ocrx_word' id='word_1_231' title='bbox 1199 2233 1250 2276; x_wconf 74' lang='lat' dir='ltr'><strong>p,</strong></span> <span class='ocrx_word' id='word_1_232' title='bbox 1281 2218 1412 2264; x_wconf 85' lang='lat' dir='ltr'><strong>tenui</strong></span> <span class='ocrx_word' id='word_1_233' title='bbox 1436 2233 1471 2263; x_wconf 88' lang='lat' dir='ltr'><strong>c.</strong></span> <span class='ocrx_word' id='word_1_234' title='bbox 1591 2217 1838 2274; x_wconf 89' lang='lat' dir='ltr'><strong>inspic1en-</strong></span> 
     </span>
     <span class='ocr_line' id='line_1_29' title="bbox 151 2275 1838 2338; baseline -0.005 -11"><span class='ocrx_word' id='word_1_235' title='bbox 151 2284 224 2328; x_wconf 78' lang='lat' dir='ltr'><strong>tes</strong></span> <span class='ocrx_word' id='word_1_236' title='bbox 257 2295 281 2326; x_wconf 88' lang='lat' dir='ltr'><strong>c</strong></span> <span class='ocrx_word' id='word_1_237' title='bbox 311 2285 351 2326; x_wconf 81' lang='lat' dir='ltr'><strong>et</strong></span> <span class='ocrx_word' id='word_1_238' title='bbox 382 2285 488 2326; x_wconf 76' lang='lat' dir='ltr'><strong>ante</strong></span> <span class='ocrx_word' id='word_1_239' title='bbox 518 2294 632 2326; x_wconf 83' lang='lat' dir='ltr'><strong>corr.</strong></span> <span class='ocrx_word' id='word_1_240' title='bbox 657 2294 709 2338; x_wconf 75' lang='lat' dir='ltr'><strong>p.</strong></span> <span class='ocrx_word' id='word_1_241' title='bbox 856 2285 910 2324; x_wconf 83' lang='lat'><strong>12</strong></span> <span class='ocrx_word' id='word_1_242' title='bbox 940 2278 1141 2336; x_wconf 82' lang='lat' dir='ltr'><strong>timpani</strong></span> <span class='ocrx_word' id='word_1_243' title='bbox 1172 2292 1239 2335; x_wconf 77' lang='lat' dir='ltr'><strong>ep.</strong></span> <span class='ocrx_word' id='word_1_244' title='bbox 1378 2276 1583 2322; x_wconf 72' lang='lat' dir='ltr'><strong>sonitum</strong></span> <span class='ocrx_word' id='word_1_245' title='bbox 1612 2275 1758 2320; x_wconf 85' lang='lat' dir='ltr'><strong>faciat</strong></span> <span class='ocrx_word' id='word_1_246' title='bbox 1779 2288 1838 2332; x_wconf 77' lang='lat' dir='ltr'><strong>p:</strong></span> 
     </span>
     <span class='ocr_line' id='line_1_30' title="bbox 153 2335 1839 2398; baseline -0.004 -13"><span class='ocrx_word' id='word_1_247' title='bbox 153 2355 315 2386; x_wconf 85' lang='lat' dir='ltr'><strong>sonum</strong></span> <span class='ocrx_word' id='word_1_248' title='bbox 349 2340 537 2398; x_wconf 86' lang='lat' dir='ltr'><strong>signant</strong></span> <span class='ocrx_word' id='word_1_249' title='bbox 567 2353 604 2385; x_wconf 85' lang='lat' dir='ltr'><strong>c.</strong></span> <span class='ocrx_word' id='word_1_250' title='bbox 784 2338 908 2384; x_wconf 88' lang='lat' dir='ltr'><strong>unde</strong></span> <span class='ocrx_word' id='word_1_251' title='bbox 946 2337 1102 2396; x_wconf 81' lang='lat' dir='ltr'><strong>passio</strong></span> <span class='ocrx_word' id='word_1_252' title='bbox 1140 2337 1410 2394; x_wconf 85' lang='lat' dir='ltr'><strong>timpanites</strong></span> <span class='ocrx_word' id='word_1_253' title='bbox 1448 2335 1631 2392; x_wconf 84' lang='lat' dir='ltr'><strong>accepit</strong></span> <span class='ocrx_word' id='word_1_254' title='bbox 1659 2335 1764 2389; x_wconf 80' lang='lat' dir='ltr'><strong>(sic)</strong></span> <span class='ocrx_word' id='word_1_255' title='bbox 1787 2347 1839 2390; x_wconf 78' lang='lat' dir='ltr'><strong>p,</strong></span> 
     </span>
     <span class='ocr_line' id='line_1_31' title="bbox 153 2394 1838 2456; baseline -0.005 -12"><span class='ocrx_word' id='word_1_256' title='bbox 153 2400 278 2444; x_wconf 83' lang='lat' dir='ltr'><strong>unde</strong></span> <span class='ocrx_word' id='word_1_257' title='bbox 299 2413 470 2444; x_wconf 88' lang='lat' dir='ltr'><strong>nomen</strong></span> <span class='ocrx_word' id='word_1_258' title='bbox 491 2400 547 2442; x_wconf 82' lang='lat' dir='ltr'><strong>ut</strong></span> <span class='ocrx_word' id='word_1_259' title='bbox 578 2413 719 2456; x_wconf 88' lang='lat' dir='ltr'><strong>supra</strong></span> <span class='ocrx_word' id='word_1_260' title='bbox 748 2398 845 2442; x_wconf 84' lang='lat' dir='ltr'><strong>dixi</strong></span> <span class='ocrx_word' id='word_1_261' title='bbox 875 2397 1029 2455; x_wconf 82' lang='lat' dir='ltr'><strong>passio</strong></span> <span class='ocrx_word' id='word_1_262' title='bbox 1052 2396 1323 2453; x_wconf 85' lang='lat' dir='ltr'><strong>timpanites</strong></span> <span class='ocrx_word' id='word_1_263' title='bbox 1355 2408 1524 2439; x_wconf 89' lang='lat' dir='ltr'><strong>nomen</strong></span> <span class='ocrx_word' id='word_1_264' title='bbox 1549 2394 1635 2447; x_wconf 80' lang='lat' dir='ltr'><strong>(sic</strong></span> <span class='ocrx_word' id='word_1_265' title='bbox 1655 2394 1838 2446; x_wconf 78' lang='lat' dir='ltr'><strong>iterum)</strong></span> 
     </span>
     <span class='ocr_line' id='line_1_32' title="bbox 154 2451 1836 2515; baseline -0.006 -12"><span class='ocrx_word' id='word_1_266' title='bbox 154 2457 339 2515; x_wconf 87' lang='lat' dir='ltr'><strong>accepit</strong></span> <span class='ocrx_word' id='word_1_267' title='bbox 363 2472 398 2504; x_wconf 90' lang='lat' dir='ltr'><strong>c.</strong></span> <span class='ocrx_word' id='word_1_268' title='bbox 507 2462 560 2502; x_wconf 86' lang='lat'><strong>13</strong></span> <span class='ocrx_word' id='word_1_269' title='bbox 586 2458 721 2502; x_wconf 89' lang='lat' dir='ltr'><strong>illum</strong></span> <span class='ocrx_word' id='word_1_270' title='bbox 744 2458 947 2515; x_wconf 87' lang='lat' dir='ltr'><strong>primum</strong></span> <span class='ocrx_word' id='word_1_271' title='bbox 970 2469 1109 2512; x_wconf 88' lang='lat' dir='ltr'><strong>quem</strong></span> <span class='ocrx_word' id='word_1_272' title='bbox 1125 2469 1174 2512; x_wconf 77' lang='lat' dir='ltr'><strong>P·</strong></span> <span class='ocrx_word' id='word_1_273' title='bbox 1284 2459 1340 2498; x_wconf 87' lang='lat'><strong>14</strong></span> <span class='ocrx_word' id='word_1_274' title='bbox 1365 2453 1541 2498; x_wconf 84' lang='lat' dir='ltr'><strong>asciten</strong></span> <span class='ocrx_word' id='word_1_275' title='bbox 1558 2466 1608 2508; x_wconf 76' lang='lat' dir='ltr'><strong>p,</strong></span> <span class='ocrx_word' id='word_1_276' title='bbox 1634 2451 1777 2495; x_wconf 85' lang='lat' dir='ltr'><strong>asitos</strong></span> <span class='ocrx_word' id='word_1_277' title='bbox 1802 2464 1836 2494; x_wconf 84' lang='lat' dir='ltr'><strong>c.</strong></span> 
     </span>
     <span class='ocr_line' id='line_1_33' title="bbox 156 2509 1838 2575; baseline -0.006 -13"><span class='ocrx_word' id='word_1_278' title='bbox 156 2519 410 2575; x_wconf 86' lang='lat' dir='ltr'><strong>sequuntur</strong></span> <span class='ocrx_word' id='word_1_279' title='bbox 441 2530 508 2574; x_wconf 77' lang='lat' dir='ltr'><strong>cp.</strong></span> <span class='ocrx_word' id='word_1_280' title='bbox 630 2515 1013 2561; x_wconf 77' lang='lat' dir='ltr'><strong>insurrectionem</strong></span> <span class='ocrx_word' id='word_1_281' title='bbox 1045 2528 1081 2559; x_wconf 85' lang='lat' dir='ltr'><strong>c.</strong></span> <span class='ocrx_word' id='word_1_282' title='bbox 1205 2517 1257 2558; x_wconf 82' lang='lat'><strong>15</strong></span> <span class='ocrx_word' id='word_1_283' title='bbox 1292 2526 1428 2569; x_wconf 88' lang='lat' dir='ltr'><strong>super</strong></span> <span class='ocrx_word' id='word_1_284' title='bbox 1458 2511 1665 2555; x_wconf 83' lang='lat' dir='ltr'><strong>distensa</strong></span> <span class='ocrx_word' id='word_1_285' title='bbox 1695 2512 1744 2554; x_wconf 82' lang='lat' dir='ltr'><strong>et</strong></span> <span class='ocrx_word' id='word_1_286' title='bbox 1771 2509 1838 2553; x_wconf 90' lang='lat' dir='ltr'><strong>in-</strong></span> 
     </span>
     <span class='ocr_line' id='line_1_34' title="bbox 154 2572 1837 2636; baseline -0.007 -15"><span class='ocrx_word' id='word_1_287' title='bbox 154 2577 349 2634; x_wconf 85' lang='lat' dir='ltr'><strong>guinum</strong></span> <span class='ocrx_word' id='word_1_288' title='bbox 380 2576 538 2633; x_wconf 82' lang='lat' dir='ltr'><strong>(—-ni&#39;1)</strong></span> <span class='ocrx_word' id='word_1_289' title='bbox 570 2576 619 2620; x_wconf 86' lang='lat' dir='ltr'><strong>et</strong></span> <span class='ocrx_word' id='word_1_290' title='bbox 649 2590 783 2620; x_wconf 87' lang='lat' dir='ltr'><strong>crura</strong></span> <span class='ocrx_word' id='word_1_291' title='bbox 814 2575 974 2620; x_wconf 84' lang='lat' dir='ltr'><strong>albida</strong></span> <span class='ocrx_word' id='word_1_292' title='bbox 1004 2573 1138 2629; x_wconf 85' lang='lat' dir='ltr'><strong>(—de</strong></span> <span class='ocrx_word' id='word_1_293' title='bbox 1170 2574 1210 2629; x_wconf 90' lang='lat' dir='ltr'><strong>c)</strong></span> <span class='ocrx_word' id='word_1_294' title='bbox 1242 2572 1504 2616; x_wconf 78' lang='lat' dir='ltr'><strong>efficiuntur</strong></span> <span class='ocrx_word' id='word_1_295' title='bbox 1534 2583 1619 2636; x_wconf 42' lang='grc' dir='ltr'><strong>ορ..</strong></span> <span class='ocrx_word' id='word_1_296' title='bbox 1782 2572 1837 2611; x_wconf 83' lang='grc'><strong>17</strong></span> 
     </span>
     <span class='ocr_line' id='line_1_35' title="bbox 155 2627 1836 2692; baseline -0.007 -12"><span class='ocrx_word' id='word_1_297' title='bbox 155 2634 380 2692; x_wconf 84' lang='lat' dir='ltr'><strong>entiposis</strong></span> <span class='ocrx_word' id='word_1_298' title='bbox 421 2648 464 2691; x_wconf 86' lang='lat' dir='ltr'><strong>c,</strong></span> <span class='ocrx_word' id='word_1_299' title='bbox 505 2634 691 2691; x_wconf 71' lang='lat' dir='ltr'><strong>etiposis</strong></span> <span class='ocrx_word' id='word_1_300' title='bbox 714 2648 765 2691; x_wconf 79' lang='lat'><strong>10·</strong></span> <span class='ocrx_word' id='word_1_301' title='bbox 950 2637 1004 2677; x_wconf 88' lang='lat'><strong>18</strong></span> <span class='ocrx_word' id='word_1_302' title='bbox 1034 2631 1203 2677; x_wconf 86' lang='lat' dir='ltr'><strong>maciei</strong></span> <span class='ocrx_word' id='word_1_303' title='bbox 1241 2630 1469 2675; x_wconf 75' lang='lat' dir='ltr'><strong>tenuitate</strong></span> <span class='ocrx_word' id='word_1_304' title='bbox 1501 2627 1763 2672; x_wconf 85' lang='lat' dir='ltr'><strong>afficmntur</strong></span> <span class='ocrx_word' id='word_1_305' title='bbox 1786 2639 1836 2682; x_wconf 78' lang='lat' dir='ltr'><strong>p.</strong></span> 
     </span>
     <span class='ocr_line' id='line_1_36' title="bbox 157 2690 1838 2753; baseline -0.007 -14"><span class='ocrx_word' id='word_1_306' title='bbox 157 2699 212 2739; x_wconf 87' lang='grc'><strong>19</strong></span> <span class='ocrx_word' id='word_1_307' title='bbox 243 2697 297 2738; x_wconf 90' lang='lat' dir='ltr'><strong>ut</strong></span> <span class='ocrx_word' id='word_1_308' title='bbox 328 2707 372 2738; x_wconf 88' lang='lat' dir='ltr'><strong>c:</strong></span> <span class='ocrx_word' id='word_1_309' title='bbox 405 2696 453 2738; x_wconf 85' lang='lat' dir='ltr'><strong>et</strong></span> <span class='ocrx_word' id='word_1_310' title='bbox 475 2707 526 2750; x_wconf 77' lang='lat' dir='ltr'><strong>p.</strong></span> <span class='ocrx_word' id='word_1_311' title='bbox 648 2694 697 2738; x_wconf 87' lang='lat' dir='ltr'><strong>et</strong></span> <span class='ocrx_word' id='word_1_312' title='bbox 724 2692 918 2738; x_wconf 86' lang='lat' dir='ltr'><strong>brachia</strong></span> <span class='ocrx_word' id='word_1_313' title='bbox 936 2706 987 2749; x_wconf 76' lang='lat' dir='ltr'><strong>p.</strong></span> <span class='ocrx_word' id='word_1_314' title='bbox 1111 2690 1253 2735; x_wconf 88' lang='lat' dir='ltr'><strong>etiam</strong></span> <span class='ocrx_word' id='word_1_315' title='bbox 1277 2703 1358 2735; x_wconf 87' lang='lat' dir='ltr'><strong>om.</strong></span> <span class='ocrx_word' id='word_1_316' title='bbox 1385 2702 1419 2732; x_wconf 84' lang='lat' dir='ltr'><strong>c.</strong></span> <span class='ocrx_word' id='word_1_317' title='bbox 1532 2690 1598 2753; x_wconf 32' lang='lat'><strong>‘20</strong></span> <span class='ocrx_word' id='word_1_318' title='bbox 1630 2699 1685 2729; x_wconf 86' lang='lat' dir='ltr'><strong>ex</strong></span> <span class='ocrx_word' id='word_1_319' title='bbox 1716 2698 1838 2751; x_wconf 69' lang='lat' dir='ltr'><strong>aqua</strong></span> 
     </span>
     <span class='ocr_line' id='line_1_37' title="bbox 154 2744 1836 2808; baseline -0.007 -11"><span class='ocrx_word' id='word_1_320' title='bbox 154 2753 352 2798; x_wconf 54' lang='lat' dir='ltr'><strong>redecoe</strong></span> <span class='ocrx_word' id='word_1_321' title='bbox 382 2753 534 2796; x_wconf 86' lang='lat' dir='ltr'><strong>fumor</strong></span> <span class='ocrx_word' id='word_1_322' title='bbox 563 2750 653 2796; x_wconf 82' lang='lat' dir='ltr'><strong>t&#39;ra</strong></span> <span class='ocrx_word' id='word_1_323' title='bbox 684 2766 828 2808; x_wconf 82' lang='lat' dir='ltr'><strong>spana.</strong></span> <span class='ocrx_word' id='word_1_324' title='bbox 858 2753 1036 2796; x_wconf 74' lang='lat' dir='ltr'><strong>vetrem</strong></span> <span class='ocrx_word' id='word_1_325' title='bbox 1067 2749 1227 2807; x_wconf 88' lang='lat' dir='ltr'><strong>pulsus</strong></span> <span class='ocrx_word' id='word_1_326' title='bbox 1260 2764 1294 2793; x_wconf 90' lang='lat' dir='ltr'><strong>s.</strong></span> <span class='ocrx_word' id='word_1_327' title='bbox 1319 2763 1360 2793; x_wconf 82' lang='lat' dir='ltr'><strong>v.</strong></span> <span class='ocrx_word' id='word_1_328' title='bbox 1387 2760 1431 2804; x_wconf 83' lang='lat' dir='ltr'><strong>c,</strong></span> <span class='ocrx_word' id='word_1_329' title='bbox 1465 2761 1544 2802; x_wconf 78' lang='lat' dir='ltr'><strong>qui</strong></span> <span class='ocrx_word' id='word_1_330' title='bbox 1578 2744 1836 2789; x_wconf 81' lang='lat' dir='ltr'><strong>retentione</strong></span> 
     </span>
     <span class='ocr_line' id='line_1_38' title="bbox 153 2810 1120 2870; baseline -0.003 -13"><span class='ocrx_word' id='word_1_331' title='bbox 153 2812 279 2857; x_wconf 81' lang='lat' dir='ltr'><strong>intra.</strong></span> <span class='ocrx_word' id='word_1_332' title='bbox 311 2811 466 2870; x_wconf 82' lang='lat' dir='ltr'><strong>spatia</strong></span> <span class='ocrx_word' id='word_1_333' title='bbox 495 2811 668 2856; x_wconf 87' lang='lat' dir='ltr'><strong>ventris</strong></span> <span class='ocrx_word' id='word_1_334' title='bbox 698 2810 904 2855; x_wconf 88' lang='lat' dir='ltr'><strong>inclusus</strong></span> <span class='ocrx_word' id='word_1_335' title='bbox 936 2825 968 2854; x_wconf 91' lang='lat' dir='ltr'><strong>s.</strong></span> <span class='ocrx_word' id='word_1_336' title='bbox 1000 2824 1044 2855; x_wconf 80' lang='lat' dir='ltr'><strong>v.</strong></span> <span class='ocrx_word' id='word_1_337' title='bbox 1071 2823 1120 2866; x_wconf 78' lang='lat' dir='ltr'><strong>p.</strong></span> 
     </span>
    </p>
   </div>
  </div>
 </body>
</html>
