2004 3186
777 97 1176 150 —173—

131 222 210 266 est
247 216 445 266 salivam
482 230 573 282 per
612 230 669 264 os
707 215 1025 266 ostendentes
1057 232 1172 267 cum
1208 218 1451 268 solutione
1491 224 1728 289 corporiS‚
1767 231 1816 274 et

132 291 414 340 exurrectio
473 292 580 339 sine
635 289 827 338 ratione
884 296 933 339 et
986 290 1161 355 pulsus
1213 292 1506 360 inaequaliS‚
1572 294 1816 359 aliquibus

130 377 249 413 vero
297 370 347 413 et
393 363 660 413 fastidium.
728 364 898 427 pueris
946 365 1093 413 etiam
1139 364 1498 416 dormientibus
1544 370 1815 419 masticatio

129 437 347 487 efficitur
408 452 522 487 cum
576 435 770 485 modica
832 435 1025 501 linguae
1089 437 1386 488 exclusione.
1473 441 1816 492 schematizato

131 512 280 560 etiam
319 525 405 560 ore
443 512 629 576 iacent,
669 509 897 559 similiter
934 518 992 560 ut
1028 510 1100 560 illi
1138 513 1224 576 qui
1261 519 1374 577 post
1409 515 1609 563 nimiam
1647 529 1814 580 opera·
1841 526 1861 559 5

130 585 318 634 tionem
355 589 631 634 resumunt.
705 589 755 633 et
792 591 906 648 post
944 584 1179 634 diastema
1221 588 1459 650 temporis
1498 587 1817 638 modicissimi

131 657 427 723 aliquotiens
459 673 574 707 cum
605 657 818 706 clamore
851 663 1097 723 exurgunt
1128 664 1179 707 et
1211 660 1308 708 cito
1347 661 1528 710 iterum
1565 661 1817 726 deponun-

131 736 216 780 tur
263 738 313 782 et
358 731 590 781 dentibus
637 730 939 780 dormientes
987 731 1210 781 strident.
1281 729 1521 798 contingit
1570 749 1686 783 vero
1725 735 1818 785 hoc

133 807 364 869 quotiens
417 807 524 871 ipsa
570 804 782 854 violenta
836 807 1200 855 insurrexerint
1253 806 1492 857 animalia.
1568 809 1716 857 etiam
1770 815 1819 859 et

132 878 380 944 aliquibus
427 885 750 929 occurrentes
797 878 1037 928 stomachi
1081 880 1283 928 nausiae
1326 886 1377 929 et
1415 895 1611 930 morsus
1650 897 1818 932 causa·
1843 894 1885 926 10

133 953 321 1002 tionem
367 953 569 1003 faciunt.
638 952 898 1018 aliquando
950 959 1000 1003 et
1039 954 1343 1003 reiectantur
1382 954 1697 1019 singulariter
1735 962 1819 1005 aut

135 1041 248 1076 cum
288 1027 450 1092 aliquo
490 1027 699 1076 humore
738 1026 1013 1091 flegmatico
1055 1033 1139 1076 aut
1177 1026 1438 1076 cholerico.

283 1103 552 1151 curationis
599 1115 715 1150 vero
763 1108 986 1165 tempore
1033 1102 1241 1149 maxime
1287 1102 1340 1150 in
1386 1102 1543 1151 acutis
1582 1101 1820 1169 febribus,

134 1175 178 1224 si
225 1181 276 1225 et
324 1176 612 1224 constrictio
661 1174 812 1224 fuerit
858 1175 1067 1240 ventriS‚
1126 1173 1573 1239 cataplasmandum
1619 1190 1679 1224 ex
1731 1175 1821 1224 lini

135 1251 339 1298 seminis
370 1255 420 1298 et
450 1248 608 1314 lupini
639 1248 796 1297 farina
825 1250 934 1313 pari
958 1248 1103 1297 modo
1137 1250 1413 1297 commixtis
1447 1254 1496 1297 et
1526 1264 1639 1298 cum
1664 1248 1821 1298 mulsa
1845 1258 1887 1291 15

134 1337 260 1386 aqua
315 1323 581 1372 concoctis.
659 1320 1052 1388 cataplasmabiS‚
1106 1320 1214 1370 oleo
1264 1321 1479 1370 violaceo
1534 1321 1822 1371 umbilicum

133 1402 307 1462 tanges
347 1403 397 1446 et
436 1395 571 1444 molli
609 1395 718 1444 lana
749 1397 945 1459 operies
986 1400 1035 1444 et
1073 1394 1315 1444 fasciabis.
1379 1400 1428 1443 et
1458 1401 1572 1460 post
1602 1395 1821 1460 expletos

136 1470 495 1536 cataplasmatis
543 1469 648 1518 dies
696 1470 939 1518 cerotario
989 1484 1048 1518 ex
1087 1467 1331 1517 absinthio
1373 1475 1422 1518 et
1461 1468 1568 1518 oleo
1618 1470 1820 1534 cyprino

135 1545 361 1594 confecto
410 1548 635 1592 ventrem
683 1542 775 1592 sub
822 1542 1112 1592 umbilicum
1150 1557 1308 1606 usque
1350 1544 1618 1607 cooperies,
1692 1548 1742 1591 et
1780 1544 1822 1591 si

134 1625 309 1668 venter
348 1617 667 1683 abstinuerit,
712 1617 764 1664 in
810 1615 1082 1665 infantibus
1127 1615 1314 1664 balanis
1353 1616 1548 1664 iniectis
1588 1615 1821 1682 deponeS‚
1846 1625 1888 1658 20

133 1691 187 1739 in
234 1691 339 1740 aliis
386 1706 503 1740 vero
549 1691 786 1755 perfectis
833 1696 991 1738 aetate
1038 1689 1248 1754 clystere
1297 1704 1355 1738 ex
1406 1688 1692 1738 decoctione
1740 1688 1820 1737 ab·

136 1765 307 1815 sinthii
353 1764 567 1814 admixto
614 1763 757 1813 melle
805 1762 1033 1813 deduces,
1105 1769 1155 1812 et
1203 1761 1479 1827 potionabis
1519 1762 1822 1829 frequenter,

260 1941 284 1980 1
317 1948 400 1992 per
432 1949 481 1980 os
511 1949 595 1980 om.
630 1949 666 1979 c.
848 1939 874 1977 2
895 1933 1188 1979 >exsurrectio
1216 1948 1273 1991 p,
1314 1932 1546 1978 exurectio
1578 1945 1614 1976 c.
1794 1936 1820 1976 3

139 1993 478 2039 dormientibus
509 2008 594 2039 om.
627 2008 662 2039 c.
783 1992 1074 2037 masticatio:
1105 1994 1163 2048 cf.
1199 1992 1246 2037 0.
1278 1993 1337 2036 A.
1370 1994 1398 2037 l.
1432 2006 1468 2038 c.
1493 2005 1545 2048 p.
1570 1993 1673 2036 534.
1795 1995 1821 2034 5

136 2053 369 2098 iacentem
393 2067 432 2107 c,
455 2056 585 2098 —tes
607 2067 653 2109 p.
763 2052 953 2108 quidem
977 2066 1045 2108 cp.
1153 2059 1179 2097 6
1204 2051 1435 2096 diastema.
1458 2065 1502 2096 c:
1527 2049 1755 2094 diestema
1770 2063 1820 2106 p.

142 2118 167 2157 7
200 2126 303 2157 cum
336 2137 392 2145 —
427 2114 490 2169 (9)
522 2112 736 2169 quotiens
766 2125 851 2156 om.
883 2125 920 2155 c.
1065 2117 1091 2155 9
1123 2111 1269 2155 etiam
1299 2124 1382 2155 om.
1415 2124 1451 2154 c.
1595 2123 1636 2153 a.
1670 2109 1719 2152 et
1749 2121 1823 2152 oc-

140 2173 375 2216 currentes
399 2185 449 2227 ρ.
597 2176 649 2215 11
683 2170 911 2215 reiectant
941 2184 986 2224 c,
1021 2170 1302 2214 reiartantur
1331 2170 1436 2225 (sic)
1465 2183 1510 2224 p.
1632 2172 1686 2210 13
1718 2167 1747 2210 i.
1779 2181 1819 2210 a.

138 2230 346 2276 febribus
390 2230 516 2286 quod.
547 2244 647 2275 esse
679 2230 812 2275 solet.
867 2229 906 2273 si
939 2231 988 2274 et
1019 2228 1288 2274 constrictio
1316 2243 1373 2285 p,
1412 2227 1442 2273 i.
1475 2242 1514 2272 a.
1547 2226 1752 2293 febribus
1784 2225 1823 2269 si

139 2319 198 2349 ex
220 2304 503 2349 constructio
528 2319 564 2349 c.
683 2308 737 2348 15
763 2318 867 2348 cum
892 2315 1014 2360 aqua.
1036 2303 1189 2347 mulsa
1211 2316 1262 2358 p.
1386 2305 1440 2345 16
1468 2294 1689 2345 umbilico
1715 2313 1821 2343 con-

137 2364 297 2420 tangis
321 2377 371 2421 p.
519 2368 572 2408 17
607 2362 759 2419 operis
791 2376 859 2419 cp.
1006 2366 1060 2407 18
1093 2375 1150 2406 ex
1180 2375 1225 2406 c:
1258 2361 1306 2405 et
1327 2373 1379 2416 p.
1525 2364 1577 2402 19
1611 2356 1821 2403 confecto

141 2435 227 2468 om.
260 2437 296 2469 c.
416 2423 580 2467 venter
611 2422 697 2466 sub
720 2421 943 2466 umbilico
966 2434 1113 2477 usque
1145 2419 1355 2477 cooperis
1384 2432 1421 2474 e,
1451 2418 1662 2462 ventrem
1686 2416 1824 2460 simul

141 2495 288 2538 usque
321 2480 405 2525 sub
437 2480 657 2525 umbilico
689 2480 841 2537 operis
866 2494 902 2537 p
941 2481 1021 2534 (sc.
1054 2479 1220 2523 mediis
1258 2477 1470 2535 partibus
1506 2474 1624 2520 Cael.
1656 2475 1745 2542 chr.
1779 2478 1822 2528 4,

147 2544 231 2585 128
264 2544 376 2595 etc).
514 2544 571 2583 20
601 2539 650 2606 in
681 2553 764 2585 om.
798 2553 864 2596 cp.
1005 2538 1188 2606 balanis
1212 2551 1271 2594 p:
1303 2550 1386 2582 om.
1418 2548 1454 2580 e.
1589 2533 1752 2578 inectis
1784 2546 1821 2585 c,

143 2601 361 2726 (1186ῗίξέῖὶξο
374 2672 442 2714 cp.
483 2598 674 2701 depongss
705 2612 895 2714 {ffitcab'
910 2597 1440 2712 2ἕτθέ1ἰιῗιῗξε1ὲταωακὶῑῗιξ
1462 2606 1544 2708 2ζῖ
1566 2595 1822 2707 ἕῗιροῑῖδξξ

140 2730 340 2761 maxime
373 2730 407 2761 c.
