2004 3186
200 883 324 933 Cum
395 884 631 934 diuturno
686 890 908 948 tempore
970 882 1171 932 sedulus
1233 898 1429 933 mecum
1489 883 1743 951 volvendo,

51 960 303 1008 carissime
351 957 441 1024 fili,
488 957 547 1007 de
596 957 839 1006 medicina
890 962 1202 1024 tractassem‚
1257 959 1610 1023 omnipotentis
1665 958 1744 1007 dei

51 1038 176 1082 nutu
230 1033 416 1081 monito
474 1030 660 1096 placuit
713 1030 834 1079 mihi
887 1038 943 1080 ut
998 1046 1058 1080 ex
1103 1033 1293 1096 graecis
1347 1031 1532 1096 logicae
1580 1038 1743 1081 sectae

51 1105 338 1156 auctoribus
384 1106 605 1154 omnium
653 1119 914 1154 causarum
961 1104 1187 1169 dogmata
1224 1107 1277 1154 in
1323 1104 1630 1170 breviloquio
1677 1105 1742 1154 la-

53 1181 154 1229 tino
195 1194 424 1228 sermone
463 1177 845 1228 conscriberem.
916 1194 1039 1243 quae
1074 1194 1186 1228 eum
1225 1178 1497 1243 perlegeris
1535 1186 1584 1228 et
1621 1194 1744 1228 usus
1768 1190 1788 1223 5

52 1253 228 1319 fueris,
279 1253 338 1302 ad
386 1268 557 1302 curam
602 1253 822 1301 omnium
870 1267 1136 1317 corporum
1187 1252 1515 1302 humanorum
1567 1259 1744 1302 cuncta

51 1334 255 1391 experta
292 1328 527 1392 reperies,
602 1325 734 1375 unde
776 1325 1038 1391 admone0,
1078 1325 1147 1374 fili
1185 1325 1485 1392 dulcissime,
1524 1341 1586 1375 ne
1626 1327 1744 1391 quid

52 1400 179 1449 forte
219 1400 335 1449 huic
376 1402 651 1465 scripturae
692 1398 973 1449 addendum
1004 1399 1080 1448 vel
1116 1399 1439 1448 minuendum
1479 1401 1743 1449 existimes,

51 1480 101 1523 et
138 1473 249 1523 ideo
282 1489 309 1523 a
347 1475 591 1539 principio
622 1475 866 1538 passionis
898 1475 1072 1538 capitis
1110 1472 1402 1522 inchoantes
1440 1475 1744 1540 scripsimuS,

51 1549 283 1611 quoniam
322 1563 512 1597 summa
552 1549 722 1597 civitas
763 1549 986 1612 corporis
1019 1562 1046 1595 a
1077 1547 1328 1596 veteribus
1369 1546 1551 1596 dicitur
1584 1554 1744 1613 caput,
1769 1559 1811 1590 10

53 1627 102 1670 et
139 1620 426 1671 honorabile
467 1629 517 1671 et
563 1622 900 1670 necessarium
949 1635 1125 1670 sensus
1175 1620 1389 1670 hominis
1429 1620 1744 1670 domicilium.

170 1783 195 1822 2
220 1778 328 1822 kffe
347 1792 397 1834 Ρ.
518 1783 545 1822 3
570 1779 689 1821 nutu
710 1790 792 1833 9Ρε
819 1776 944 1821 tuitu
968 1790 1004 1821 c.
1124 1775 1326 1820 monito:
1351 1775 1554 1820 monitus
1577 1789 1622 1832 9,
1647 1789 1745 1819 am-

50 1836 256 1882 monitus
271 1851 336 1894 Ρσ
352 1837 531 1893 (Petra.)
653 1841 682 1879 4
706 1836 878 1892 dogma
899 1849 943 1892 9,
967 1835 1157 1879 domata
1183 1835 1230 1890 (i.
1250 1848 1282 1880 e.
1304 1834 1526 1892 dogmata
1548 1839 1602 1880 ut
1614 1835 1747 1880 habet

55 1925 178 1970 Petr.
182 1926 198 1981 )
214 1938 251 1981 Ρ
277 1926 371 1980 (sed
386 1929 446 1981 Ρο
469 1924 660 1968 domata
681 1924 748 1968 vel
772 1924 1048 1968 dotnata—
992 1944 1048 1960 =
1073 1922 1372 1980 doctrinata),
1405 1923 1686 1967 documenta
1709 1936 1744 1968 c.

51 2011 184 2056 brevi
222 2008 384 2068 loquio
421 2026 452 2069 9
482 2011 843 2068 (breviloquium
884 2012 1008 2056 Petr.
1041 2025 1086 2068 Ρ.
1118 2015 1209 2056 190
1241 2010 1340 2065 R.:)
1387 2010 1520 2056 brevi
1559 2010 1746 2067 eloquio

46 2083 108 2127 Ρο
156 2074 217 2126 (et
258 2071 380 2116 Petr.
421 2073 547 2116 codd.
587 2072 670 2126 hs).
825 2077 851 2115 6
891 2084 932 2115 ο.
963 2070 1274 2114 humanorum
1314 2083 1559 2126 corporum
1594 2083 1627 2126 Ρ
1668 2070 1748 2125 (ad

53 2143 90 2172 c.
139 2130 347 2174 omnium
392 2130 599 2186 corporis
639 2130 832 2174 humani
874 2130 943 2174 vel
981 2143 1226 2186 corporum
1262 2129 1573 2173 humanorum
1622 2128 1745 2173 Petr.

50 2189 132 2244 hs).
286 2194 310 2233 7
344 2189 419 2233 Un
459 2189 608 2246 (Unde
650 2189 793 2244 Petr.)
834 2203 1028 2233 amoneo
1063 2202 1097 2245 Ρ
1138 2190 1218 2243 (un
1257 2201 1453 2232 amoneo
1492 2189 1554 2244 c),
1593 2187 1748 2231 Unum

55 2247 281 2292 admoneo
312 2261 353 2306 9.
505 2251 531 2291 8
563 2248 662 2292 vel:
696 2250 779 2292 aut
809 2261 845 2293 c.
998 2253 1024 2292 9
1057 2260 1105 2291 a.
1138 2247 1188 2291 in
1219 2261 1256 2292 c.
1406 2245 1634 2303 passionis
1665 2260 1746 2302 910:

53 2320 194 2351 —nes
226 2320 261 2351 c.
388 2311 442 2351 10
466 2307 574 2351 haec
596 2321 651 2351 em
677 2307 756 2353 Ps.
783 2306 958 2351 Galeno
991 2307 1154 2378 (praef.
1188 2307 1242 2350 in
1264 2305 1523 2377 Euporista
1554 2309 1584 2349 t.
1614 2304 1753 2348 XIV

50 2379 96 2422 Ρ.
123 2369 212 2410 313
235 2366 408 2437 ζΛῖΡε.);
480 2401 490 2410 .
516 2400 526 2410 .
561 2361 654 2410 ἀπὸ
687 2366 898 2437 κεφαλῆς
932 2361 1212 2423 ἀρξάμενοι·
1250 2360 1369 2435 αὕτη
1402 2360 1492 2422 γὰρ
1524 2359 1747 2434 καθαπερ

54 2441 121 2475 τις
150 2420 403 2496 ἀκρόπολίς
444 2421 542 2468 ἐστι
570 2425 654 2469 τοῦ
687 2421 898 2496 σώματος
931 2424 1009 2468 καὶ
1040 2425 1134 2468 τῶν
1165 2421 1456 2482 τιμιωτάτων
1486 2423 1568 2467 καὶ
1602 2418 1746 2478 ἄναγ-

51 2479 314 2527 καιοτοὶτων
339 2479 614 2540 ἀνθρώποις
638 2480 910 2540 αἰσθήσεων
935 2479 1207 2541 οἰκητήριον
1229 2482 1388 2537 (Plato
1416 2482 1532 2526 Tim
1551 2496 1600 2538 Ρ.
1626 2485 1746 2526 45—

52 2544 149 2597 46).
204 2543 262 2596 cf.
297 2542 442 2600 Veyet.
467 2543 701 2587 mulomed.
726 2543 834 2586 III
854 2544 978 2599 (II),
1005 2547 1049 2597 1,
1072 2547 1098 2586 1
1121 2556 1168 2599 Ρ.
1195 2546 1256 2587 89
1282 2542 1417 2587 Schn.
1445 2541 1563 2586 Cael.
1589 2540 1746 2584 Aurel.

51 2614 166 2658 resp.
199 2602 309 2646 med.
345 2602 426 2657 II,
458 2605 519 2646 56
550 2615 596 2657 Ρ.
632 2605 740 2647 219.
803 2615 877 2646 ox.
910 2603 957 2658 I,
990 2606 1064 2647 56.
1128 2602 1218 2647 chr.
1253 2602 1306 2655 I,
1341 2605 1414 2645 60.
1475 2604 1665 2644 ceterum
1696 2600 1748 2642 in

53 2660 270 2714 inferiore
319 2661 525 2718 maryi‘ne
566 2661 734 2705 codicis
777 2661 928 2706 Paris.
980 2661 1128 2717 ipsius
1169 2661 1406 2717 scriptoris
1451 2672 1592 2703 manu
1640 2659 1748 2702 haee

54 2719 358 2763 adnotantur:
407 2719 668 2763 Alexander
705 2720 748 2763 d.
790 2734 828 2764 c.
868 2720 923 2766 V.
967 2719 1066 2764 ite?
1099 2732 1187 2775 cap
1230 2732 1458 2763 summam
1506 2716 1747 2762 civitatem

56 2777 261 2833 corporis
293 2778 387 2822 dici
438 2792 525 2835 cap
564 2778 839 2824 honorabile
872 2779 1161 2824 domicilium
1193 2791 1352 2822 sensus
1397 2776 1600 2822 hominis
1632 2788 1746 2821 esse

58 2840 110 2879 11
151 2850 364 2881 sensuum
396 2851 432 2882 c.

145 2916 341 2952 Cassius
364 2919 528 2961 Felix,
553 2919 608 2954 ed.
634 2920 680 2953 V.
703 2919 812 2954 Rose.
1459 2915 1480 2952 1
