2004 3186
867 117 1271 171 -194-

222 240 372 288 minis
419 240 561 288 scissi
605 245 744 304 parte
786 238 999 304 singula,
1046 238 1230 288 caduci
1263 245 1494 304 granatae
1536 238 1734 289 dimidia
1772 246 1913 305 parte

224 327 339 362 cum
392 319 509 377 ptyg
512 319 640 362 mate
695 327 845 377 supra
907 278 1091 376 scripto
1153 315 1364 362 contrita
1418 327 1578 377 usque
1634 312 1693 362 ad
1755 313 1916 363 mellis

223 386 624 452 crassitudinem,
664 385 878 435 abstinet
915 385 1212 450 profluvium
1251 388 1505 451 sanguinis
1542 388 1737 436 iniecta.

373 459 518 510 aliud.
579 465 808 524 granatae
843 460 1001 508 siccae
1034 462 1224 509 corium
1261 466 1312 509 et
1348 461 1454 524 pini
1493 466 1663 509 cortex
1702 466 1752 509 et
1790 459 1914 525 galla

174 544 200 577 5
227 539 276 582 et
315 532 519 582 acantha
558 534 779 597 aegyptia
819 531 1035 581 adhibita
1075 532 1301 583 similiter
1341 539 1623 598 operantur.

372 606 517 655 aliud.
587 607 749 655 acacia
795 621 908 655 cum
954 605 1316 671 hypoquistidis
1363 622 1482 656 suco
1524 614 1573 656 et
1623 607 1914 656 decoctione

219 695 363 728 rosae
404 681 613 729 contrita
654 685 704 728 et
741 681 793 728 in
831 679 1010 728 ssoculo
1050 682 1270 745 apposita
1309 679 1524 730 abstinet
1560 680 1764 730 fluxum.

344 840 367 879 1
399 837 534 892 parte
564 836 700 892 singl'
726 849 770 890 c,
802 837 960 892 parbes
989 834 1196 893 singulas
1212 850 1264 894 Ρ.
1385 839 1434 881 ei:
1456 838 1652 894 grauate
1677 836 1838 881 caduci
1858 850 1911 893 Ρ.

219 894 417 938 dimidia.
446 908 553 951 pars
584 897 686 953 (pas
716 895 783 939 sic
805 896 861 951 Ρ)
895 908 963 951 cp.
1085 901 1111 939 2
1138 910 1243 940 cum
1267 895 1482 940 sticmate
1506 910 1568 953 Ρ,
1599 895 1850 940 coscimate
1875 909 1912 941 c.

223 953 288 997 SS
320 967 364 997 c:
396 968 535 1010 supra
565 954 690 998 dicto
708 967 758 1009 Ρ.
880 959 906 997 3
931 953 1102 998 retinet]
1118 968 1168 1011 Ρ.
1292 954 1532 1011 sanguinis
1557 968 1602 998 c:
1634 954 1844 998 matricis
1860 968 1912 1011 Ρ.

220 1017 250 1056 4
282 1011 501 1056 corticem
525 1026 584 1069 Ρ,
618 1016 735 1056 -οΐι
767 1027 801 1057 c.
925 1012 1076 1070 gallae
1091 1027 1142 1070 Ρ.
1265 1017 1291 1057 5
1324 1014 1525 1058 achanta
1541 1027 1598 1069 Ρ,
1631 1013 1851 1057 alchaniza
1875 1027 1912 1058 c.

220 1070 401 1127 egiptia
431 1083 514 1116 om
548 1086 584 1115 c.
767 1073 987 1128 operatur
1008 1085 1067 1128 Ρ,
1100 1073 1213 1129 apta
1244 1086 1279 1117 c.
1463 1078 1489 1116 6
1521 1071 1836 1128 ypoquisbidis
1860 1085 1916 1128 Ρ,

221 1131 339 1174 —de
371 1144 405 1173 c.
529 1132 597 1174 et:
629 1144 685 1174 ex
701 1143 752 1186 Ρ,
779 1143 862 1174 om
888 1144 925 1184 c,
955 1132 1038 1175 ubi
1060 1146 1105 1187 y.
1130 1145 1241 1175 suco
1265 1131 1537 1176 decoctione
1562 1131 1690 1175 facta
1713 1132 1789 1175 et.

223 1194 248 1232 7
280 1189 444 1232 fleculo
477 1203 521 1243 c,
559 1189 715 1234 foculo
740 1203 778 1245 Ρ
810 1189 996 1245 (floculo
1021 1191 1113 1246 ΡΟ).
1263 1190 1436 1235 retinet
1465 1205 1508 1246 Ρ.
1653 1144 1915 1246 Explicict

221 1248 409 1292 casius
438 1247 462 1290 f
471 1248 585 1292 eli‘x
616 1262 652 1291 c.
706 1249 759 1291 in
783 1262 820 1305 Ρ
853 1250 1067 1293 continuo
1098 1254 1350 1306 sequuntur
1375 1249 1651 1294 antidotarii
1674 1249 1913 1293 cuiusdam

219 1307 406 1362 antiqui
434 1312 670 1365 unquenta
695 1309 750 1362 (e.
776 1311 850 1352 84.
876 1311 958 1363 85)
988 1321 1134 1364 ασοΡα
1165 1313 1244 1354 ete
1277 1322 1378 1353 cum
1410 1309 1518 1353 aliis
1548 1309 1756 1365 deinceps
1789 1307 1913 1352 anti-

214 1366 417 1410 dotariis
446 1367 784 1410 recentioribus.
