2004 3186
849 116 1245 167 —132—

210 238 383 303 pulsus
422 235 647 286 concadit
687 243 735 286 et
775 251 955 301 corpus
994 237 1135 300 nigro
1175 234 1339 284 colore
1380 235 1616 285 fuscatur.
1678 236 1895 301 efficitur

211 328 269 360 ex
326 310 637 360 antecedenti
689 311 931 359 maiorum
986 308 1208 358 ciborum
1262 309 1590 373 indigestione
1643 309 1896 374 frequenti

211 392 295 434 aut
346 383 590 449 profunda
635 384 956 447 perfrictione
996 388 1082 442 aut
1118 381 1250 431 letali
1289 381 1398 431 cibo
1440 384 1540 431 sive
1579 384 1778 446 potione
1818 397 1894 431 ac·

211 465 353 523 cepta
392 472 538 522 quam
577 455 752 506 Graeci
791 455 1063 518 deleterion
1103 455 1295 521 dicunt,
1334 462 1391 504 ut
1429 456 1593 519 fungis
1634 457 1895 505 venenosis

165 543 186 575 5
213 533 443 580 comestis
467 536 550 579 aut
583 531 811 594 quotiens
848 531 1150 578 intrinsecus
1173 531 1223 577 in
1255 531 1375 593 ipsis
1399 528 1629 578 vitalibus
1660 528 1896 578 membris

214 611 297 654 aut
334 606 386 652 in
424 606 531 669 ipso
571 609 769 652 omento
803 603 1146 666 conquassatio
1186 609 1270 651 aut
1309 602 1524 667 diruptio
1565 603 1718 651 fuerit
1756 603 1895 651 facta.

359 679 411 726 in
451 676 788 726 curationibus
827 691 943 725 vero
984 675 1166 724 colicos
1205 682 1423 742 oportet,
1472 675 1523 724 id
1563 681 1639 725 est
1678 677 1763 739 qui
1801 674 1896 724 coli

211 752 434 800 intestini
479 757 671 800 tantum
718 765 864 799 causa
910 748 1259 815 laboraverint,
1306 751 1535 814 primitus
1573 751 1626 797 in
1665 748 1896 798 cruribus

211 826 253 873 si
284 827 414 873 vires
451 826 707 888 patiuntur
739 838 889 888 supra
926 822 1050 872 talos
1089 824 1353 872 interiores
1389 838 1537 871 venas
1576 821 1896 871 flebotomare

145 909 187 941 10
211 904 261 946 et
299 899 486 946 ventris
526 899 931 946 constrictionem
979 898 1159 945 acriori
1198 895 1407 961 clystere
1446 896 1665 944 relaxare
1706 911 1765 944 ex
1814 895 1893 943 de·

211 973 434 1020 coctione
489 970 710 1020 cantabri
759 977 810 1019 et
864 969 1213 1034 coloquintidis
1268 985 1381 1018 cum
1435 969 1543 1018 oleo
1595 970 1791 1018 anetino
1847 976 1897 1017 et

210 1045 447 1093 afronitro
497 1059 610 1093 cum
655 1043 798 1093 melle
845 1043 1052 1093 modico.
1122 1043 1362 1092 utendum
1410 1045 1555 1092 etiam
1604 1049 1655 1091 et
1702 1041 1895 1091 sacculo

211 1117 365 1166 calido
414 1133 474 1180 ex
520 1117 777 1184 cantabro,
831 1119 883 1165 in
938 1132 1035 1181 quo
1083 1123 1225 1165 antea
1271 1117 1423 1165 fuerit
1476 1117 1711 1165 decoctus
1765 1116 1898 1164 aneti

211 1190 489 1255 manipulus
540 1191 752 1259 admixto
793 1190 986 1239 modico
1026 1190 1155 1256 oleo,
1203 1197 1253 1239 et
1299 1189 1391 1239 sub
1437 1192 1543 1255 ipsa
1581 1190 1895 1254 vaporatione

143 1277 187 1308 15
211 1264 426 1313 adhibita
465 1266 604 1314 tenui
641 1264 842 1313 linteolo
883 1279 938 1312 ac
978 1263 1161 1312 mundo
1202 1271 1252 1313 et
1284 1263 1516 1313 calefacto
1551 1262 1783 1311 sudorem
1815 1277 1895 1310 ex-

211 1340 414 1387 citatum
453 1338 704 1404 deterges,
753 1344 802 1386 et
840 1353 988 1387 manu
1028 1337 1260 1386 calefacta
1300 1337 1561 1386 chalastico
1612 1350 1897 1401 perungues

211 1413 442 1476 superius
495 1413 547 1460 in
601 1413 814 1460 tetanica
867 1412 1094 1475 passione
1148 1417 1444 1477 memorato,
1499 1417 1549 1459 et
1602 1409 1736 1458 molli
1787 1408 1896 1457 lana

209 1484 316 1532 loca
361 1484 544 1534 tutabis
585 1491 635 1533 et
681 1483 921 1533 fasciabiS.
993 1486 1139 1533 etiam
1178 1491 1228 1533 et
1266 1483 1549 1533 lenticulam
1588 1497 1782 1531 aeream
1820 1482 1897 1531 vel

210 1564 417 1606 testeam
456 1557 612 1613 calida
650 1558 888 1623 repletam
937 1559 1057 1622 ipsis
1096 1557 1217 1606 locis
1257 1557 1537 1606 dolentibus
1576 1571 1793 1621 appones
1833 1555 1895 1604 ob

143 1643 187 1675 20
211 1630 534 1695 mitigandum
574 1630 807 1680 dolorem.

360 1703 505 1753 aliud.
568 1711 767 1753 anetum
808 1711 857 1753 et
897 1706 1144 1769 cyminum
1185 1703 1433 1767 decoques
1472 1705 1521 1751 in
1563 1702 1659 1751 olei
1694 1714 1762 1767 -:—·
1792 1701 1898 1768 1111,

212 1785 261 1826 et
299 1779 471 1826 inicies
510 1783 623 1842 post
662 1777 1020 1842 depositionem
1061 1780 1261 1827 ventris.
1325 1784 1409 1826 aut
1447 1784 1607 1825 rutam
1649 1776 1897 1840 decoques

213 1850 439 1910 similiter
483 1853 535 1900 in
583 1850 690 1899 oleo
739 1858 789 1900 et
836 1850 1129 1900 admiscebis
1175 1852 1390 1900 resinam
1435 1849 1783 1901 terebintinam
1837 1848 1897 1897 ad

212 1923 412 1973 modum
452 1924 681 1973 coclearii
718 1926 889 1990 uniUS‚
930 1932 979 1973 et
1016 1927 1204 1974 inicies.

143 2008 186 2041 25
360 1997 503 2046 aliud.
586 2013 780 2063 enema,
834 1998 884 2046 id
931 2005 1007 2047 est
1051 2000 1274 2064 iniectio,
1322 1997 1506 2046 faciens
1553 1997 1611 2046 ad
1659 2002 1895 2045 tumores,

330 2204 353 2242 1
389 2203 445 2242 cfi
478 2197 605 2242 eadit
635 2213 670 2243 0.
799 2198 871 2242 eff.
904 2198 1062 2242 autem
1093 2210 1132 2242 e.
1157 2211 1207 2253 p.
1339 2202 1364 2240 2
1396 2197 1627 2241 malorum
1658 2210 1682 2241 0
1710 2196 1895 2251 (Patr).

211 2257 419 2301 ciborum
450 2269 533 2300 om.
566 2271 600 2302 0.
674 2272 677 2274 ·
752 2263 777 2301 3
810 2256 1138 2314 perfricatione
1161 2271 1212 2313 p.
1363 2259 1393 2299 4
1423 2255 1550 2312 greci
1587 2269 1671 2300 om.
1696 2270 1747 2312 p.
1870 2261 1895 2300 6

208 2315 336 2359 facta
362 2330 415 2372 p:
448 2317 561 2359 nata
591 2329 627 2359 0.
751 2321 775 2359 7
809 2316 1031 2360 colericos
1054 2329 1105 2372 10-
1227 2314 1321 2359 coli
1343 2328 1426 2359 om.
1451 2328 1502 2370 p.
1628 2319 1681 2358 11
1716 2316 1764 2359 et
1795 2314 1896 2358 colo

210 2374 323 2429 quin
362 2373 502 2418 etiam
542 2374 590 2417 et
628 2375 785 2418 saculo
818 2379 896 2419 ete.
930 2377 1030 2430 (om.
1070 2373 1183 2418 tidis
1215 2388 1320 2418 cum
1361 2373 1465 2418 oleo
1497 2398 1552 2405 -
1585 2373 1826 2428 utendum)
1859 2387 1896 2418 0.

212 2438 265 2476 13
298 2432 542 2477 decoctum
572 2446 612 2477 a.
646 2434 956 2490 manipulum:
988 2435 1054 2477 sic
1084 2447 1165 2489 010.-
1331 2438 1388 2476 14
1418 2433 1518 2489 ipso
1550 2446 1586 2476 0.
1755 2436 1816 2475 -15
1849 2433 1898 2475 et

210 2493 226 2546 (
230 2496 337 2548 post
367 2491 557 2547 mundo)
589 2504 671 2536 om.
697 2506 746 2548 p.
884 2498 940 2537 18
971 2492 1078 2536 loca
1107 2506 1159 2549 p:
1190 2491 1298 2536 10οὖ
1329 2506 1366 2536 0.
1485 2490 1663 2535 tutabis
1686 2505 1729 2535 c:
1761 2491 1896 2534 tuba-

208 2549 280 2594 bis
305 2552 373 2607 (ut
394 2565 537 2607 supra
559 2554 746 2607 semper)
762 2565 813 2607 p.
929 2550 1069 2595 etiam
1095 2576 1150 2583 —
1176 2550 1443 2595 dolentibus
1467 2564 1549 2594 om.
1575 2564 1610 2594 0.
1736 2554 1789 2592 19
1816 2549 1894 2593 ob-

208 2638 492 2694 mittigando
515 2652 552 2691 0,
577 2609 924 2695 ῧὶωἰὴὲίςαῑιᾶῇ
948 2653 999 2695 p.
1123 2645 1178 2683 21
1204 2641 1394 2684 anetum
1417 2635 1641 2694 (ἄνηθον)
1667 2663 1722 2669 --
1747 2641 1805 2680 24
1838 2658 1893 2673 =

211 2697 291 2741 Ps.
325 2697 428 2741 Gal.
465 2697 612 2752 XIV,
645 2702 749 2743 379.
873 2697 1014 2741 cimffi
1037 2712 1088 2754 p,
1120 2713 1290 2742 —num
1321 2712 1346 2742 0
1375 2699 1450 2753 (cf.
1484 2697 1587 2743 Gal.
1618 2697 1740 2750 XIII,
1773 2697 1891 2752 267).

206 2758 252 2810 ·;-
282 2756 384 2800 IIII.
409 2771 462 2812 p,
497 2754 537 2811 ²,—
566 2758 667 2801 1111.
699 2771 736 2801 0.
868 2761 922 2800 23
956 2757 1000 2800 d.
1032 2758 1083 2800 in
1114 2757 1215 2802 oleo
1255 2756 1470 2801 similiter
1491 2770 1542 2812 p.
1664 2754 1895 2798 admisces

207 2822 302 2870 epp
396 2820 455 2859 24
486 2812 639 2860 co'cl'r.
671 2815 705 2861 Ι.
739 2815 819 2873 (1⁹.
845 2816 900 2872 p)
939 2829 1006 2871 cp.
