2004 3186
787 125 1044 178 —246
1128 156 1187 162 -

139 245 249 284 22.
306 240 595 297 (musculosis
649 239 949 296 membranis)

179 304 236 343 26
268 303 346 344 etc.

147 357 425 403 mustarius
457 363 512 402 42
547 358 602 412 (v.
635 370 670 402 3.
702 358 946 429 masucas).

147 428 295 471 myxa
327 417 471 474 (mixa
501 429 571 473 cp,
609 413 667 460 τὰ
700 412 844 474 μυξα)
877 422 949 462 61.

180 481 233 520 72
267 477 366 531 (ubi
388 476 599 520 nixarum
615 480 687 532 ΡΟ,
718 476 779 530 cf.
808 489 948 520 noxa-

176 550 280 578 rum
313 534 433 579 Cael.
457 547 508 591 p.
542 538 642 580 539.
668 538 769 579 541.
802 549 882 592 μισ
883 551 949 592 χι-

175 595 287 649 λίων
334 606 425 650 pro
479 593 657 651 μυξίων
709 594 843 638 Alex.
895 595 950 638 de

176 653 337 697 lumbr.
369 666 444 709 ap.
477 653 595 697 Idel.
621 665 672 709 p.
697 655 820 709 307)
889 654 948 707 cf.

177 711 356 768 Garyil.
405 725 441 756 c.
491 715 546 756 59
595 711 651 756 de
698 712 870 758 mixis

178 769 302 816 Orib.
343 784 442 828 syn.
483 774 535 825 6,
575 774 635 815 43
682 772 849 827 μυξίου
889 768 946 815 τὰ

178 825 291 873 ὀστᾶ
317 850 373 866 =
399 830 478 874 zat.
511 829 626 885 (VI,
651 832 761 887 124)
794 830 946 874 mixae

177 901 282 933 ossa
315 888 458 944 (mixo
489 901 593 932 ossa
624 889 732 946 La).

145 959 258 991 nam
291 948 597 1003 parenthetice
626 962 717 1003 pro
755 949 946 993 relativo

174 1007 244 1062 (ut
274 1007 402 1063 apud
434 1005 553 1051 Gael.
579 1007 669 1051 chr.
697 1010 741 1061 5,
771 1010 833 1051 95
865 1011 946 1051 etc.

178 1065 355 1110 Oribas.
381 1066 460 1110 lat.
482 1065 558 1121 VI,
579 1070 663 1109 347
690 1067 809 1122 etc.):
836 1066 944 1110 sim-

172 1124 287 1180 plici
340 1124 630 1169 consectione
693 1124 946 1170 divisuram

175 1183 327 1238 dabis,
398 1197 508 1226 nam
576 1182 741 1228 Graeci
806 1184 944 1240 aplen

173 1241 403 1286 diaeresin
426 1243 596 1286 vocant
625 1246 679 1286 18
704 1247 744 1286 et
773 1244 841 1287 sic
872 1248 941 1288 21.

172 1306 244 1345 32.
269 1306 340 1345 34.
372 1306 444 1346 40.
477 1306 548 1345 41.
575 1302 695 1358 quod
721 1302 943 1358 corriqere

170 1361 279 1404 solet
303 1373 340 1416 p
378 1364 419 1403 et
450 1361 716 1417 plerumque
754 1361 890 1405 etiam
920 1375 944 1405 c

171 1421 325 1475 itaque
372 1421 531 1464 rarius
569 1420 661 1475 fere
702 1420 755 1463 in
797 1420 944 1464 altera

164 1483 300 1534 parte
339 1478 449 1522 libri
493 1483 535 1522 et
571 1479 816 1522 recentiore
853 1492 942 1523 ser-

171 1541 331 1591 vatur,
369 1540 422 1580 ut
460 1542 517 1581 46
557 1538 660 1592 (bis)
693 1542 734 1580 et
774 1542 827 1581 71
860 1537 942 1581 tri-

171 1595 304 1640 ticeis
318 1595 366 1640 ei:
382 1595 605 1640 holerosis
621 1596 811 1651 nutries,
832 1609 943 1640 nam

172 1657 226 1710 (c,
259 1655 384 1711 quod
407 1657 463 1711 p)
495 1654 661 1699 Graeci
692 1654 858 1699 sitodis
892 1668 943 1699 ce

170 1713 409 1758 lacanodis
456 1713 628 1758 dicunt.
678 1739 732 1746 —
779 1715 838 1769 cf.
885 1718 942 1758 33

172 1773 338 1829 (simpl.
374 1774 586 1829 parenth.
619 1774 781 1817 omisso
814 1775 942 1830 nam)

170 1831 390 1888 palmulis
430 1831 642 1887 calcatae,
688 1834 876 1888 patetoe
917 1846 945 1876 a

171 1890 360 1935 Graecis
399 1891 697 1947 appellantur
734 1893 946 1948 (pateton

171 1974 229 1983 —-·
246 1950 536 2006 appellatum
549 1950 672 1995 codd.
677 1983 691 2004 ,
709 1951 805 1994 ‘nisi
823 1951 946 2007 quod

175 2009 438 2065 appellatur
461 2010 531 2065 p).

140 2067 308 2111 natio:
355 2068 557 2125 plurima
602 2068 792 2112 natione
839 2068 941 2124 pul-

171 2126 371 2170 lulantes
403 2127 620 2183 (scrofae)
653 2131 725 2171 26.

140 2184 382 2230 nativitas
414 2185 721 2242 (carbunculi)
754 2190 824 2228 22.

141 2244 326 2288 natura
357 2246 431 2298 (=
458 2244 628 2300 penis):
661 2246 828 2288 natura
859 2257 944 2287 suo

174 2302 327 2346 officio
359 2303 543 2359 privata
572 2307 643 2346 46.
705 2303 755 2346 in
787 2302 942 2358 capitae

173 2363 366 2406 naturae
398 2366 454 2405 46
481 2362 560 2406 bis.
611 2363 660 2405 in
693 2363 835 2418 capub
864 2375 946 2405 na·

173 2422 307 2464 turae
338 2420 499 2464 inicies
530 2425 601 2465 46.

143 2491 317 2524 necem
339 2479 699 2536 praefocationis
724 2479 944 2536 (ingerat)

174 2543 246 2584 37.

145 2597 452 2655 ueneficae,
499 2596 748 2642 nefretica
788 2597 945 2654 passio

173 2670 203 2712 9
234 2660 288 2699 21
324 2658 394 2712 (cp
426 2659 497 2700 45.
532 2656 620 2712 75).

145 2714 430 2759 nervositas
454 2715 754 2759 membranae
778 2713 945 2771 capitis

178 2778 217 2818 1.
266 2773 392 2817 omni
413 2773 689 2818 nervositati
713 2772 946 2818 contraria

179 2835 218 2877 1.
279 2831 480 2876 maxime
528 2846 556 2876 a
603 2833 754 2888 capite
798 2831 874 2877 vel
917 2846 945 2876 a

1068 240 1219 286 fundo>
1274 241 1469 286 cerebri*
1501 242 1637 287 tunde
1664 244 1840 288 ³{omnis

1069 299 1328 345 nervositas
1365 299 1626 344 infundiizur
1657 307 1698 347 8.
1759 317 1843 359 pa-

1068 359 1186 403 titur
1209 393 1220 404 .
1247 393 1257 404 .
1287 393 1297 404 .
1323 359 1474 413 omnis
1514 360 1774 406 nervositas
1809 375 1843 405 a

1071 418 1258 463 cerebro
1313 418 1598 463 descendens
1654 424 1708 463 71
1763 421 1839 476 (cf.

1072 476 1191 523 Gael.
1216 490 1288 522 ox.
1323 482 1364 533 3,
1393 482 1477 522 180
1507 477 1688 534 patitur
1717 478 1842 523 enim

1068 537 1173 581 tota
1209 536 1483 582 nervositaS.
1552 537 1643 581 chr.
1680 542 1725 593 1,
1769 542 1840 582 45.

1070 599 1111 650 5,
1129 598 1185 639 22
1203 599 1280 640 etc.
1329 596 1403 639 est
1426 596 1593 640 nafiura
1608 598 1752 653 caput
1769 634 1778 642 .
1798 633 1807 642 .
1828 633 1836 641 .

1068 667 1312 699 nervosum
1346 655 1438 698 chr
1473 659 1513 708 1,
1545 655 1637 711 33).
1669 681 1726 688 —
1760 670 1840 700 na-

1069 714 1175 757 tura
1195 713 1376 758 vesicae
1398 726 1594 781 nervosa
1609 713 1843 759 iudicatur

1068 776 1140 816 46.
1180 773 1386 817 nervosis
1401 772 1451 816 in
1474 772 1590 817 locis
1613 777 1668 816 27
1687 777 1763 818 etc.
1786 799 1842 806 -—

1068 831 1213 887 (nervi
1247 831 1491 876 sensibiles
1525 833 1613 888 71.)

1037 904 1284 959 nigellus:
1342 905 1493 949 olivae
1537 904 1741 963 nigellae
1801 911 1838 952 1.

1065 965 1244 1020 myrtae
1307 963 1510 1021 nigellae
1572 969 1615 1008 4.
1670 969 1710 1008 9.
1768 969 1839 1008 39.

1065 1022 1223 1067 acacia
1284 1022 1461 1079 nigella
1525 1026 1595 1068 29.
1678 1023 1840 1068 vinum

1064 1081 1293 1138 nigellum
1324 1086 1365 1124 4.
1398 1086 1470 1125 42.
1503 1086 1575 1126 46.
1638 1082 1839 1140 nigellus

1066 1139 1254 1196 sanguis
1289 1141 1410 1197 (opp.
1442 1140 1603 1197 flavus)
1636 1146 1692 1185 39
1725 1144 1802 1185 etc.

1035 1198 1248 1253 nigredo
1281 1199 1526 1256 (dentium)
1561 1204 1630 1244 32.

1035 1272 1270 1317 nimietas
1298 1277 1339 1317 2.
1365 1278 1434 1318 21.
1468 1278 1539 1317 41.
1572 1278 1644 1318 47.
1680 1278 1748 1319 73.
1799 1273 1837 1317 si

1064 1331 1280 1376 nimietas
1313 1331 1455 1377 fuerit
1486 1333 1658 1377 doloris
1690 1337 1762 1378 51.

1033 1403 1243 1449 nImium
1261 1406 1335 1461 (=
1353 1405 1507 1460 valde)
1525 1410 1565 1450 2.
1585 1411 1656 1450 21.
1694 1405 1838 1450 nimie

1064 1464 1421 1520 aquabissimum
1447 1469 1516 1510 21.
1565 1464 1839 1509 canizabrum

1061 1536 1156 1567 non
1185 1523 1325 1567 nimis
1359 1523 1582 1567 calcatius
1616 1527 1685 1568 35.

1033 1595 1234 1640 nivatae
1266 1596 1481 1652 pobiones
1513 1601 1586 1640 37.

1033 1654 1235 1699 noceri=
1261 1654 1561 1700 vesica...ab
1577 1655 1839 1700 humore...

1063 1715 1259 1758 noceizur
1289 1719 1360 1758 46.
1409 1714 1466 1768 cf.
1492 1717 1562 1758 75.

1034 1772 1178 1817 novIt
1224 1774 1300 1829 (==
1337 1773 1478 1827 valet,
1523 1785 1612 1829 quo
1653 1777 1695 1817 et
1736 1773 1838 1829 ipso

1058 1832 1235 1887 passim
1287 1832 1476 1888 utitur)=
1530 1832 1663 1876 novit
1713 1831 1838 1876 enim

1063 1891 1160 1935 tale
1193 1891 1485 1947 cataplasma
1513 1889 1837 1935 imminentem

1064 1949 1359 2006 putredinem
1386 1949 1632 2006 prohibere
1658 1954 1730 1993 24.
1777 1950 1837 2003 cf.

1062 2013 1136 2052 21.
1167 2013 1237 2052 26.
1272 2013 1345 2053 29.
1377 2012 1447 2054 59.
1481 2013 1551 2053 65.

1032 2067 1242 2112 nucleus
1260 2068 1424 2123 (simpl.
1444 2067 1709 2112 =nuoleus
1733 2067 1835 2123 pini

1060 2127 1130 2170 vel
1166 2141 1211 2170 n.
1250 2126 1437 2183 pineus,
1481 2130 1535 2170 ut
1573 2130 1643 2170 35.
1685 2127 1760 2182 ,76)
1796 2131 1834 2168 1.

1061 2188 1118 2228 45
1152 2186 1229 2241 (=
1259 2185 1381 2229 nucl.
1417 2185 1518 2241 pini
1555 2184 1719 2240 Alex).
1761 2189 1834 2228 46.

1063 2248 1133 2287 66.
1167 2268 1223 2277 —
1255 2244 1311 2297 cf.
1347 2243 1579 2288 sffirobiluS.

1032 2313 1241 2346 numero
1266 2304 1393 2358 (mio)
1414 2305 1520 2346 ante
1535 2313 1743 2346 numeros
1765 2303 1835 2346 vel

1063 2361 1321 2406 numeralia
1352 2361 1486 2406 addit
1513 2361 1626 2417 9(c)‚
1666 2374 1837 2417 semper

1065 2432 1148 2463 om.
1182 2421 1302 2476 (ree.)
1327 2433 1385 2476 p,
1427 2423 1480 2464 ut
1509 2433 1593 2476 per
1623 2419 1722 2464 dies
1752 2434 1837 2463 nu-

1065 2492 1192 2523 mero
1224 2478 1267 2522 V
1289 2492 1344 2535 yc
1369 2483 1391 2521 1
1426 2479 1525 2534 (ubi
1554 2493 1638 2535 per
1669 2479 1768 2523 dies
1793 2477 1836 2522 V

1058 2551 1095 2594 p
1126 2541 1168 2580 et
1191 2538 1263 2593 ,sic
1293 2540 1496 2594 semper).

1035 2594 1309 2641 obdulcat-e
1333 2596 1491 2653 (σπι,
1517 2595 1643 2640 Orib.
1668 2594 1732 2640 VI
1749 2599 1835 2639 539

1064 2659 1143 2699 ete.
1182 2655 1239 2710 cf.
1265 2654 1450 2700 chsch
1481 2655 1546 2698 It.
1577 2657 1669 2699 195
1699 2658 1740 2698 et
1768 2654 1837 2698 in-

1064 2713 1254 2758 dulcare
1270 2713 1328 2758 R.
1347 2716 1456 2770 193)
1471 2718 1540 2759 29.
1574 2714 1836 2770 (humorem

1064 2786 1222 2817 acrum
1260 2773 1387 2829 obd.)
1423 2777 1498 2817 46.
1529 2775 1601 2817 57.
1644 2771 1725 2828 (ad
1756 2771 1836 2816 ob-

1065 2831 1346 2876 dulcandam
1376 2831 1660 2886 acredinem)
1695 2834 1766 2875 78.
