2004 3186
846 106 1246 158 -150—

199 227 345 276 modo
407 226 718 292 temperabis,
811 235 860 275 et
923 227 966 275 si
1021 234 1211 276 venter
1253 240 1353 275 non
1415 225 1611 291 fecerit,
1670 226 1881 292 clystere

200 300 520 350 deducendus
567 301 662 349 erit
709 315 767 349 ex
822 299 1109 350 decoctione
1167 299 1389 349 cantabri
1435 304 1521 348 aut
1574 298 1714 349 betae
1768 316 1884 351 cum

199 374 307 423 oleo
347 380 398 424 et
436 374 674 424 afronitro
714 379 764 423 et
802 372 945 422 melle
983 373 1191 424 modico.

348 447 472 497 alius
534 447 715 512 clyster
779 446 1077 512 lexipyretos
1146 449 1443 497 conveniens
1506 448 1714 496 maxime
1769 456 1882 512 post

155 532 175 564 5
202 521 559 587 depositionem
597 522 798 570 ventris.
861 535 1036 570 sucum
1073 523 1295 586 ptisanae
1329 528 1378 569 et
1415 520 1503 569 lini
1539 522 1765 588 8611111118,
1803 523 1883 571 ovi

200 595 341 645 crudi
374 594 604 662 medium,
636 594 733 644 olei
756 595 947 643 rosacei
978 600 1028 644 et
1058 594 1429 644 chamaemelini
1453 593 1585 658 quod
1616 595 1883 646 suffecerit.

198 676 310 734 post
348 667 468 718 haec
506 668 708 718 humido
751 675 799 718 et
839 667 1016 732 frigido
1057 667 1167 717 cibo
1208 668 1426 734 reficies,
1467 667 1518 716 id
1558 675 1633 718 est
1670 668 1881 719 lactuca·

197 757 307 792 rum
357 745 624 792 murturias
673 742 875 791 elixatas
923 749 972 791 et
1033 741 1235 807 frigidas
1282 756 1396 792 cum
1443 741 1636 791 modico
1683 742 1783 792 sale
1834 751 1884 792 et

198 818 466 865 cisternina
505 831 629 880 aqua
671 822 720 866 et
759 815 866 864 oleo
907 830 1059 880 spano
1099 822 1148 865 et
1187 822 1326 865 aceto
1365 817 1416 864 in
1456 814 1566 863 cibo
1606 814 1759 882 dabis,
1798 824 1882 866 aut

130 899 174 931 10
197 889 507 939 cucurbitam
537 891 742 939 incisam
774 904 888 939 cum
921 904 1011 939 suo
1044 891 1179 939 corio
1212 889 1438 939 elixatam
1469 888 1695 938 similiter
1726 889 1884 957 dabis,

197 965 239 1012 si
286 971 449 1012 tamen
496 965 645 1012 nimia
694 964 846 1012 fuerit
893 964 1014 1012 sitis.
1051 979 1053 983 ⁴
1085 965 1128 1012 si
1173 978 1290 1013 vero
1329 964 1438 1012 sitis
1476 963 1677 1012 minime
1716 963 1882 1029 fuerit,

195 1052 295 1086 non
335 1036 525 1102 frigidis
565 1037 652 1086 sed
691 1036 906 1086 humidis
943 1043 1136 1086 tantum
1168 1036 1292 1086 cibis
1331 1037 1545 1101 nutrieS,
1583 1035 1634 1084 id
1665 1043 1743 1086 est
1774 1052 1878 1086 sor·

195 1109 375 1160 bilibus
414 1110 568 1160 multa
607 1126 732 1175 aqua
771 1110 966 1174 solutiS,
1010 1117 1064 1160 ut
1102 1117 1218 1160 sunt
1256 1111 1501 1175 ptisanae,
1539 1124 1628 1158 ova
1667 1109 1882 1177 sorbilia,

196 1186 350 1233 micae
389 1186 529 1249 panis
569 1184 830 1249 diligenter
863 1183 1021 1233 elutae
1054 1191 1104 1234 et
1135 1190 1302 1234 cetera
1341 1198 1466 1248 quae
1506 1184 1557 1232 in
1597 1182 1879 1234 sorbitioni-

129 1267 171 1299 15
195 1256 288 1307 bus
329 1257 554 1308 similiter
593 1260 918 1323 accipiuntur.

342 1326 536 1382 alimma
567 1331 874 1397 lexipyreton
906 1331 955 1380 id
993 1339 1068 1380 est
1105 1333 1366 1396 perunctio
1400 1331 1460 1380 ad
1493 1330 1656 1380 febres
1682 1333 1879 1381 aestatis

193 1411 437 1470 tempore,
485 1407 527 1455 si
573 1420 719 1470 aeger
766 1406 917 1454 nimio
965 1404 1179 1454 febrium
1226 1412 1366 1455 aestu
1417 1404 1594 1454 bullire
1645 1406 1881 1471 coeperit,

194 1486 243 1528 et
281 1481 435 1544 magis
474 1481 526 1528 in
565 1484 724 1529 aetate
764 1479 988 1528 ferventi.
1051 1478 1359 1528 cucurbitam
1399 1478 1603 1527 viridem
1643 1477 1788 1528 rades
1826 1486 1877 1528 et

194 1554 302 1602 eius
349 1555 586 1602 corticem
634 1554 883 1618 exprimes
933 1559 984 1602 et
1031 1552 1268 1618 adiunges
1317 1567 1492 1602 sucum
1538 1567 1659 1601 uvae
1711 1554 1879 1601 imma-

127 1637 169 1669 20
192 1632 332 1676 turae
388 1634 438 1676 et
491 1633 686 1676 acetum
740 1625 986 1675 excellens
1042 1632 1091 1675 et
1143 1626 1309 1675 oleum
1367 1640 1626 1675 rosaceum
1689 1625 1880 1690 aequali

313 1833 335 1871 1
369 1828 532 1872 venter
562 1841 656 1871 non
686 1826 851 1871 fecerit
875 1841 933 1883 p:
965 1828 1175 1871 ventrem
1205 1840 1300 1871 non
1330 1826 1526 1871 fecerint
1549 1840 1584 1871 6.
1704 1825 1879 1871 clisteri

193 1888 263 1944 (ut
292 1889 453 1942 supra)
485 1900 521 1930 6.
675 1891 702 1929 4
734 1885 875 1929 Aliud
909 1899 953 1940 6,
991 1885 1085 1930 alifi
1110 1900 1161 1942 29.
1314 1886 1497 1931 ch'stere
1537 1885 1808 1942 lixoperitus
1841 1899 1880 1939 c,

192 1943 343 1989 6118116Ι
371 1946 566 2002 (—tere)
598 1945 768 2002 lexpit')
792 1959 829 2001 p
870 1945 967 2001 (ubi
1005 1944 1259 2002 lexperitus
1297 1946 1380 1990 del.
1414 1945 1504 2002 190).
1661 1949 1686 1988 5
1720 1959 1880 1991 sucum

193 2005 313 2061 (—‹‘>)
329 2018 388 2060 p:
421 2003 567 2048 Sucus
599 2018 635 2048 6.
679 2008 686 2014 ’
757 2003 942 2060 ptisane
963 2017 1022 2060 29.
1061 2004 1246 2075 tipsane
1278 2019 1314 2049 6.
1437 2010 1462 2048 6
1489 2002 1804 2048 camomellini
1827 2018 1879 2060 p,

193 2062 386 2108 calnolli
415 2063 519 2119 (sic)
551 2076 587 2107 6.
740 2062 874 2107 suffic
906 2076 948 2118 6,
983 2059 1140 2109 suffici*
1169 2063 1386 2119 (—citur)
1411 2076 1462 2119 2ο.
1615 2067 1640 2106 7
1674 2061 1778 2107 cibo
1808 2076 1880 2107 re-

191 2121 317 2167 ficies
350 2135 393 2166 c:
427 2122 530 2166 cibo
563 2124 612 2166 et
639 2121 813 2178 frigido
843 2120 978 2178 potui
1008 2122 1135 2166 refici
1157 2136 1207 2179 p.
1348 2121 1555 2166 lactucas
1586 2134 1765 2166 mamas
1797 2122 1880 2166 eli-

190 2197 324 2240 xatas
356 2210 402 2253 6,
432 2196 722 2240 lactucarum
753 2193 1018 2239 mfi'turirias
1051 2196 1156 2251 (sic,
1194 2196 1247 2239 in
1278 2209 1421 2253 marq.
1446 2200 1505 2252 pc
1536 2200 1556 2239 ῑ
1588 2192 1616 2239 ἃ
1648 2178 1878 2240 mu²furias

192 2259 392 2318 fllxatas
425 2283 460 2326 2ο
500 2270 592 2340 (cf.
611 2269 814 2314 Philum.
854 2282 927 2325 ap.
967 2268 1068 2314 Aet.
1102 2274 1150 2323 5,
1185 2273 1240 2314 78
1282 2271 1475 2320 καυλοῖς
1507 2265 1756 2326 ‘aptonium
1790 2266 1878 2314 ἄπ-

194 2321 458 2386 ἐζεσμένοις
489 2324 592 2385 μετ’
626 2323 888 2383 ὀξυκροὶτου
920 2302 1161 2384 ὑδαροῦς).
1303 2333 1329 2373 9
1363 2341 1507 2385 spano
1536 2334 1799 2384 629.10
1832 2332 1880 2374 et

193 2387 336 2444 (elix.)
368 2392 612 2433 6.11
647 2387 698 2446 ὃς
731 2389 783 2431 tn
814 2387 853 2432 81
882 2401 926 2432 11,
961 2400 1003 2443 6,
1037 2387 1077 2430 si
1106 2389 1160 2432 tsi
1188 2393 1574 2444 11.21.11111116
1604 2402 1674 2432 ne
1702 2390 1709 2445 Ι
1735 2387 1878 2433 fuerit

190 2461 285 2491 non
315 2447 369 2492 fr.
403 2460 447 2502 6,
486 2445 678 2491 minime
708 2446 850 2490 fuerit
880 2448 910 2491 1’1
948 2459 1042 2490 11011
1081 2445 1135 2492 fr.
1160 2459 1197 2502 p
1242 2448 1364 2504 (fort.
1396 2458 1481 2491 scr.
1515 2445 1706 2492 11111111116
1736 2446 1879 2492 fuerit

191 2509 305 2550 nata
334 2520 428 2551 non
456 2505 547 2562 fr.).
671 2510 724 2549 12
755 2498 959 2550 tantum.
991 2507 1061 2549 tm
1092 2519 1129 2561 6,
1160 2507 1214 2550 tz‘i
1245 2507 1438 2563 (tamen)
1455 2519 1506 2562 29.
1628 2505 1775 2550 nutris
1808 2520 1875 2562 629.

196 2570 248 2609 13
282 2566 335 2609 ut
366 2566 491 2609 sunt.
522 2564 553 2609 1.
587 2565 652 2621 (id
683 2565 772 2620 est)
804 2563 1164 2620 629.Ρῦ181116
1185 2579 1237 2622 29,
1267 2565 1450 2622 tipsane
1482 2570 1699 2609 6.14
1731 2564 1876 2609 micas

192 2638 228 2679 6,
261 2623 424 2668 miclas
447 2637 499 2681 29.
623 2623 772 2668 elutas
805 2636 872 2679 629.
998 2627 1051 2667 15
1086 2623 1325 2682 accipiunt
1354 2637 1390 2667 6.
1515 2628 1568 2668 16
1601 2623 1807 2668 Alimina.
1838 2638 1874 2677 c,

192 2682 330 2742 Alina
362 2698 429 2755 (ig
451 2699 527 2755 12⁰)
553 2711 604 2754 29
742 2696 1020 2753 lexiperiton
1051 2711 1119 2754 cp.
1270 2697 1421 2742 febres
1453 2712 1496 2752 c,
1528 2696 1618 2742 feb'
1645 2711 1696 2754 p.
1820 2703 1874 2743 18

190 2756 342 2814 magis
365 2770 424 2824 p:
457 2756 659 2801 maxime
691 2770 727 2801 6.
859 2755 1068 2801 fervente
1101 2770 1135 2801 6.
1257 2756 1382 2801 radis
1405 2771 1462 2813 29,
1494 2756 1628 2801 radix
1659 2770 1695 2801 6.
1820 2762 1873 2802 19

192 2815 410 2873 exprimis
443 2829 509 2872 cp.
632 2815 846 2873 adiungis
869 2827 928 2871 21,
959 2815 1198 2873 adungues
1229 2829 1265 2861 6.
