2004 3186
781 123 1146 177 -75-

113 255 247 295 teres
294 250 345 293 et
393 246 463 293 sic
509 246 562 292 in
609 258 709 292 uno
758 244 1100 294 commiscebis
1149 251 1199 293 et
1253 244 1418 294 addito
1466 246 1608 295 melle
1663 255 1804 297 cocto

22 331 28 338 ’
112 321 164 368 in
217 320 459 368 unitatem
498 332 669 384 cogeS,
715 323 767 366 et
815 317 989 367 exinde
1036 320 1089 367 in
1134 318 1335 368 modum
1374 320 1522 368 unius
1562 320 1804 370 avellanae

113 391 252 441 dabis
299 399 356 441 ut
401 393 453 440 in
499 406 586 440 ore
633 391 919 440 contineant
964 398 1275 456 aegrotantes
1316 398 1366 440 et
1413 391 1648 456 paulatim
1688 409 1804 443 exu-

110 466 268 515 cando
316 470 645 514 transvorent.
727 465 805 513 sin
851 479 968 512 vero
1015 465 1312 529 gliquiritiae
1361 479 1537 514 sucum
1585 482 1683 515 non
1732 469 1803 516 in-

112 540 331 605 veneriS‚
370 540 526 603 ipsam
565 537 885 602 gliquiritiam
925 539 1092 588 mittes
1132 544 1180 587 et
1220 540 1391 587 uteris,
1427 532 1432 605 Ι
1828 551 1849 583 5

467 668 656 718 XXXV.
717 669 797 718 Ad
838 666 1132 720 tumorem
1171 671 1445 720 faucium.
1819 683 1957 723 12186.

261 772 546 823 Secundum
598 779 791 822 veteres
838 773 1057 822 medicos
1106 781 1341 838 quattuor
1387 772 1643 823 distantias
1691 790 1804 824 cum

109 850 215 898 suis
253 846 505 897 vocabulis
551 845 735 895 habere
785 861 879 895 uva
918 847 1209 897 ostenditur.
1286 862 1400 896 nam
1448 849 1490 896 si
1537 848 1688 897 fuerit
1726 863 1804 896 ro-

110 922 264 972 tunda
294 923 346 971 in
379 919 753 970 similitudinem
785 922 976 981 acinae,
1017 920 1190 986 stafyle
1222 935 1249 969 a
1282 920 1484 970 Graecis
1516 921 1804 986 appellatur,

108 1011 259 1060 quam
297 1010 388 1044 nos
434 1009 579 1044 uvam
626 992 852 1043 dicimus,
922 996 1042 1044 item
1083 996 1124 1043 si
1176 995 1328 1044 fuerit
1364 993 1510 1059 longa
1549 1000 1600 1044 et
1638 997 1802 1044 tenuis
1829 1007 1869 1038 10

108 1076 161 1119 et
198 1071 250 1118 in
289 1068 495 1142 folliculi
535 1069 613 1117 sui
652 1069 934 1117 summitate
980 1068 1251 1133 plurimum
1296 1067 1520 1117 humoris
1559 1067 1803 1134 habuerit,

106 1144 267 1193 cionis
314 1141 603 1208 appellatur.
674 1141 943 1191 identidem
993 1143 1035 1190 si
1082 1157 1253 1206 grossa
1302 1141 1379 1190 vel
1417 1143 1602 1191 vastior
1651 1142 1804 1191 fuerit

108 1224 165 1266 ut
196 1216 491 1266 robustitate
517 1231 606 1265 sua
639 1216 855 1264 faucium
886 1215 1088 1280 impleat
1117 1221 1302 1282 parteS‚
1333 1230 1606 1280 gargareon
1638 1215 1802 1280 appel-

107 1290 251 1340 latur.
320 1305 434 1339 nam
473 1289 873 1354 Hippocrates
921 1290 1087 1338 senior
1134 1291 1186 1338 in
1232 1304 1323 1338 suo
1371 1290 1689 1353 prognostico
1730 1291 1801 1338 sic

107 1366 176 1414 ait
219 1378 577 1432 „gargareones
624 1362 932 1428 periculosae
980 1361 1040 1410 ad
1086 1361 1403 1412 incidendum
1452 1361 1528 1410 vel
1569 1377 1798 1411 exsecan-
1826 1373 1867 1405 15

105 1439 247 1504 dum,
287 1444 471 1503 quanto
512 1439 665 1502 magis
704 1436 892 1485 fuerint
930 1435 1186 1485 rubriores
1234 1442 1283 1485 et
1321 1435 1548 1500 grandes,
1618 1438 1801 1485 etenim

107 1518 274 1562 tumor
307 1511 494 1561 eisdem
524 1510 647 1560 locis
678 1510 901 1559 nascitur
934 1515 983 1558 et
1014 1511 1268 1574 sanguinis
1299 1508 1606 1558 incessabilis
1638 1509 1800 1559 fluxus

107 1587 336 1636 efficitur.
400 1585 487 1634 sed
519 1591 717 1650 oportet
754 1585 806 1631 in
843 1582 1018 1631 eodem
1056 1590 1280 1647 tempore
1314 1597 1413 1631 non
1446 1582 1605 1631 solum
1644 1585 1800 1647 ipsam

107 1675 252 1710 uvam
307 1660 613 1724 appositione
668 1656 1015 1706 medicamenti
1077 1663 1357 1720 attenuare,
1419 1671 1592 1705 verum
1654 1657 1799 1704 etiam

107 1733 412 1798 quibuslibet
457 1731 616 1780 modis
663 1730 949 1780 subinanire
992 1735 1231 1778 ventrem.
1304 1731 1374 1777 sic
1422 1730 1555 1777 enim
1600 1731 1797 1777 innoxie
1827 1741 1868 1771 20

107 1807 359 1871 chirurgia
414 1804 677 1854 adhibetur
731 1810 781 1852 et
834 1811 997 1851 metus
1057 1803 1439 1867 praefocationis
1502 1803 1800 1866 praeteritus

109 1876 228 1930 est“.
307 1882 426 1929 item
482 1878 573 1927 alia
631 1875 914 1942 dicephalos
971 1875 1210 1941 appellata
1264 1875 1341 1924 vel
1388 1874 1622 1942 bicapita,
1676 1890 1800 1939 quae

108 1956 270 2004 rarius
319 1953 541 2002 nascitur
587 1959 637 2000 et
684 1950 883 2001 innoxia
922 1964 1031 1998 esse
1078 1948 1342 2015 probatur,
1390 1950 1434 1998 si
1473 1948 1672 2013 quidem
1711 1948 1800 1998 hu-

231 2071 253 2110 1
288 2065 571 2110 commisces*
592 2079 691 2122 901⁰·
843 2065 869 2104 2
904 2060 1031 2118 cogis
1060 2075 1161 2118 9010·
1311 2060 1447 2104 unius
1479 2074 1563 2105 om.
1588 2074 1639 2117 p.
1775 2066 1800 2105 3

105 2125 352 2171 exudando
385 2125 484 2181 (sic)
507 2138 557 2181 9,
591 2122 879 2168 exsuccando
896 2134 955 2176 p:
985 2120 1236 2178 gluciendo
1262 2134 1298 2165 c.
1420 2124 1449 2162 4
1481 2119 1553 2164 sin
1582 2134 1657 2176 9c:
1690 2119 1730 2163 si
1747 2134 1801 2176 p.

108 2184 402 2242 gliquiritiae
432 2198 475 2240 9,
508 2182 714 2240 glicirize
747 2196 782 2238 c,
814 2182 911 2236 lffi
933 2194 984 2237 p.
1136 2184 1162 2224 5
1195 2178 1510 2236 gliquiriciam
1540 2192 1591 2235 9,
1622 2179 1800 2234 hqntia.

99 2258 161 2300 p:
192 2257 275 2288 om.
309 2257 345 2288 c.
491 2248 518 2287 9
549 2242 698 2287 stafile
729 2255 789 2298 910
821 2240 996 2298 (scafile
1029 2239 1083 2295 c).
1146 2240 1205 2294 cf.
1239 2239 1343 2283 Gal.
1380 2238 1515 2292 XII,
1546 2242 1640 2282 972
1675 2239 1798 2292 (960.

107 2307 197 2348 971
233 2304 330 2360 sq).
454 2307 509 2346 10
542 2301 581 2346 si
613 2315 688 2358 ep:
721 2314 805 2345 om.
836 2315 878 2357 9.
1004 2303 1057 2342 12
1091 2297 1250 2355 cycnis
1273 2311 1302 2354 9
1332 2298 1466 2353 (clois
1487 2311 1539 2354 p,
1570 2296 1712 2340 tionis
1744 2298 1798 2351 c).

107 2362 185 2406 vel
216 2362 360 2406 astior
389 2361 488 2417 (sic)
519 2375 549 2417 9
582 2360 778 2418 (vastior
809 2361 895 2417 cp).
1051 2362 1107 2401 14
1137 2357 1413 2414 hypocrates
1444 2370 1473 2413 9
1506 2357 1679 2413 (ypocr.
1713 2357 1798 2411 cp).

108 2435 149 2466 υ.
182 2420 328 2477 Hipp.
362 2420 399 2463 I
403 2453 418 2474 ,
449 2423 538 2464 115
573 2419 702 2476 Lips.
737 2419 867 2477 (citat
897 2419 1033 2463 etiam
1064 2416 1268 2461 Galenus
1301 2415 1447 2469 XII,
1469 2416 1590 2470 971).
1744 2419 1798 2457 16

109 2478 336 2524 lubriores
366 2492 416 2535 9,
446 2478 658 2523 rubiores
689 2492 734 2522 c:
766 2476 1117 2522 rubicundiores
1141 2489 1211 2534 μ·
1377 2479 1430 2518 17
1464 2473 1640 2518 eisdem
1669 2486 1719 2528 9:
1751 2472 1800 2515 in

107 2539 292 2582 hisdem
322 2552 382 2595 p,
420 2537 471 2582 in
509 2537 661 2595 (locis)
700 2550 725 2582 c
763 2536 829 2594 (in
866 2537 1017 2581 isdem
1059 2535 1216 2586 Petra.
1416 2537 1468 2576 19
1510 2530 1799 2588 appositione

109 2597 443 2642 medicamenti
472 2610 510 2653 p
549 2598 622 2653 (ex
660 2598 817 2652 ουτως
850 2593 1157 2652 appositionis
1188 2596 1353 2649 (—0ne
1384 2594 1424 2648 c)
1458 2590 1798 2655 medicamento

108 2658 215 2713 9(c).
395 2660 451 2700 21
483 2656 702 2712 preterit‘)
733 2658 790 2695 ’ἰν
820 2669 850 2712 9
881 2651 1054 2711 (pt-,we
1079 2655 1157 2709 p):
1189 2651 1440 2709 preter-itur
1470 2664 1506 2695 c.
1627 2653 1684 2692 22
1720 2649 1800 2691 dla.

110 2716 267 2771 coe(ce
299 2715 539 2772 omphalos
564 2716 699 2771 9(010)·
859 2713 988 2770 apud
1019 2711 1347 2756 Petroncellum
1378 2723 1416 2754 c.
1449 2712 1505 2753 31
1531 2722 1581 2765 p.
1615 2711 1710 2752 209
1743 2707 1800 2761 (si

110 2774 304 2819 robusta,
342 2777 390 2819 et
425 2773 678 2819 vehemens
717 2773 926 2817 extiterit
962 2770 1150 2829 piclosis
1189 2769 1375 2824 dicitur)
1414 2768 1480 2811 sic
1521 2770 1689 2823 quarta
1730 2766 1799 2809 in-

111 2834 299 2878 ducitur
331 2829 616 2890 ἐπιγλωσσίς.
736 2832 813 2876 vel
843 2845 893 2887 9:
925 2831 955 2875 i.
989 2830 1056 2886 (id
1089 2830 1177 2885 est)
1210 2842 1277 2884 cp.
