2004 3186
805 109 1172 163 ,93-

145 229 330 295 decim,
370 230 533 279 omnia
569 234 770 294 praeter
809 229 907 278 irin
938 229 1175 295 illyricam
1207 237 1320 281 ante
1359 231 1566 283 biduum
1600 236 1830 287 infundes

147 305 199 353 in
237 318 363 369 aqua
403 309 452 352 et
490 303 638 352 tertia
677 301 756 351 die
796 316 982 367 coques
1020 319 1179 369 usque
1219 304 1279 354 ad
1318 307 1514 356 tertiam
1552 316 1744 373 partem
1782 319 1832 360 et

146 383 260 443 post
304 376 427 426 haec
473 375 533 425 ab
583 377 696 440 igne
742 375 900 426 tolles.
978 376 1159 427 herbas
1207 393 1464 443 expressas
1517 383 1730 446 proicies
1784 392 1834 433 et

146 466 323 502 sucum
370 449 632 515 diligenter
677 447 888 514 liquabis
937 457 985 500 et
1031 451 1207 500 exinde
1251 453 1464 518 accipies
1511 457 1751 506 sextarios
1788 456 1832 505 II

147 532 198 574 et
244 527 291 575 ei
337 523 575 589 adiunges
620 522 718 572 mel
764 529 814 572 et
859 538 1061 588 passum
1109 532 1159 574 et
1205 524 1339 575 lento
1391 528 1505 591 igne
1553 543 1737 594 coques
1785 537 1834 579 et
1858 540 1878 573 5

145 599 473 648 electuarium
538 597 689 646 facies
750 598 801 646 in
864 597 1238 648 similitudinem
1297 599 1456 649 mellis
1517 602 1834 652 mediocriter

148 673 406 722 crassioris
458 677 509 721 et
554 677 673 720 tunc
730 670 874 720 tolles
929 670 989 720 ab
1035 674 1149 736 igne
1196 678 1247 722 et
1299 688 1684 740 superasperges
1738 678 1835 726 irin

93 764 97 767 ’
146 746 385 812 illyricam
416 750 675 794 contusam
707 750 756 794 et
787 746 1076 794 tenuissime
1117 752 1303 796 cretam
1339 754 1390 796 et
1419 747 1639 798 movebis
1677 750 1834 799 donec

147 818 403 885 infrigidet
435 825 485 868 et
515 832 728 883 repones
766 819 818 867 in
851 820 1007 868 vitreo
1046 834 1159 868 vase
1201 826 1250 869 et
1282 820 1457 870 exinde
1498 820 1833 872 laborantibus

146 892 286 943 dabis
323 893 504 943 ieiunis
544 898 594 941 et
633 892 693 941 ad
718 906 988 957 vesperam
1028 893 1267 943 coclearia
1306 894 1512 959 singula.
1862 909 1902 940 10

297 973 347 1017 et
391 972 654 1032 postquam
702 981 762 1015 ex
801 967 959 1031 sputis
1011 966 1374 1032 limpidioribus
1422 968 1499 1017 vel
1546 975 1683 1018 certe
1736 985 1836 1019 non

149 1041 274 1092 male
313 1038 652 1090 redolentibus
684 1041 943 1104 agnoveris
974 1039 1141 1090 ulcera
1179 1041 1333 1090 fuisse
1370 1049 1603 1108 purgata,
1641 1045 1835 1108 trigono

147 1117 362 1166 trocisco
409 1113 486 1163 vel
532 1113 626 1162 alio
678 1112 899 1178 quolibet
952 1113 1229 1163 simillimae
1280 1115 1478 1165 virtutis
1531 1118 1583 1165 in
1635 1119 1836 1182 potione

148 1189 263 1240 dato
303 1189 586 1239 cicatricem
615 1186 837 1237 induces,
901 1189 1048 1238 etiam
1081 1189 1391 1238 extrinsecus
1425 1189 1837 1240 medicamentum

147 1263 435 1329 epuloticon
458 1276 691 1327 apponeS,
722 1260 772 1310 id
797 1267 874 1311 est
906 1261 1038 1327 quod
1063 1261 1218 1311 valeat
1247 1263 1299 1311 in
1324 1263 1606 1312 cicatricem
1639 1263 1836 1328 ducere,
1862 1274 1903 1306 15

148 1344 205 1387 ut
237 1343 314 1387 est
350 1336 549 1386 finicine
589 1334 780 1385 duabus
813 1334 958 1384 alutis
996 1335 1214 1385 inducta.
1275 1350 1425 1385 unam
1462 1338 1514 1385 in
1554 1344 1756 1402 pectore
1789 1346 1838 1386 et

149 1410 388 1461 lateribus
426 1415 477 1459 et
516 1408 718 1458 alteram
751 1423 778 1457 a
816 1414 957 1474 tergo
996 1410 1128 1459 inter
1160 1409 1408 1476 scapulaS,
1447 1416 1503 1459 ut
1535 1426 1684 1476 supra
1723 1411 1839 1477 dixi,

148 1500 366 1552 appones
405 1490 456 1533 et
493 1482 702 1532 sanabis,
731 1477 747 1550 Η

646 1615 767 1666 XLI.
829 1616 906 1665 Ad
948 1615 1351 1665 asthmaticos
1842 1626 1890 1668 (p.
1909 1628 1988 1669 192)

299 1719 590 1769 Asthmatici
622 1718 857 1768 dicuntur
888 1718 1038 1767 latino
1064 1732 1291 1767 sermone
1324 1716 1545 1767 anhelosi
1568 1717 1645 1767 vel
1680 1721 1838 1784 suspi·
1864 1731 1908 1763 20

274 1910 296 1949 1
330 1905 410 1949 iris
440 1903 612 1949 illirica
644 1906 712 1962 (—
722 1918 777 1949 ca
800 1906 933 1971 corr.)
965 1919 1048 1963 910,
1079 1904 1224 1950 iniria,
1255 1920 1292 1952 ο.
1415 1909 1476 1952 afi
1498 1907 1643 1951 bidufi
1668 1918 1706 1960 c,
1737 1919 1840 1950 ana.

154 1993 299 2039 bidufi
330 1994 383 2038 in
412 2006 504 2039 ras.
534 1998 607 2050 90,
639 1997 700 2037 afi
729 1963 957 2049 bid‘lifliup‘).
1101 1997 1126 2036 2
1160 2007 1284 2050 aqua.
1314 2009 1389 2052 cp:
1423 2009 1593 2051 aquam
1622 2006 1666 2050 y.
1814 1999 1840 2037 3

154 2052 327 2110 proicis
366 2066 439 2111 90,
481 2051 686 2109 prohicis
716 2066 767 2109 p.
950 2056 978 2095 4
1010 2053 1057 2096 et
1094 2051 1260 2098 exinde
1292 2053 1491 2111 accipies
1521 2067 1572 2111 9:
1616 2065 1699 2096 om.
1725 2065 1762 2107 p
1794 2052 1840 2108 (l.

155 2127 260 2157 cum
293 2110 506 2156 sextariis
538 2111 718 2156 duobus
749 2112 975 2168 adiunges
1007 2126 1068 2155 m.
1101 2112 1167 2156 sic
1197 2114 1252 2168 c).
1433 2118 1458 2157 5
1493 2113 1537 2158 ei
1565 2127 1615 2169 9:
1657 2124 1740 2155 om.
1773 2125 1841 2166 cp.

153 2172 249 2216 mel
278 2185 465 2228 passum
495 2184 537 2227 9.
691 2175 717 2215 6
748 2170 866 2216 facis
895 2184 994 2228 ycp.
1145 2170 1451 2216 similitudine
1481 2187 1510 2230 9
1543 2175 1726 2228 (-—nem
1757 2172 1841 2226 cp).

157 2235 182 2275 7
215 2229 452 2275 crassioris
483 2243 560 2286 qe:
593 2229 738 2274 crassi
760 2244 812 2286 p.
932 2229 999 2287 i(y
1016 2228 1360 2286 p)risilliricam
1390 2245 1489 2289 qap.
1627 2233 1654 2272 8
1687 2241 1842 2272 moves

154 2303 255 2348 901⁰·
377 2293 404 2333 9
440 2287 668 2345 infrigdet
696 2302 739 2346 9.
889 2289 938 2333 in
969 2289 1169 2334 vitreum
1199 2304 1283 2334 vas
1315 2304 1352 2336 c.
1506 2295 1560 2334 10
1592 2287 1842 2333 coclearios

156 2348 365 2405 singulos
396 2362 446 2404 9,
486 2347 636 2394 cocl'r.
670 2348 879 2405 singulos
910 2362 955 2404 c,
997 2348 1147 2393 cocl'r.
1179 2348 1213 2392 I.
1237 2362 1289 2406 p.
1451 2353 1506 2392 14
1534 2345 1714 2392 inducis
1743 2360 1840 2402 9022.

159 2412 214 2451 15
246 2407 430 2464 epule(e
455 2406 645 2462 officum
674 2420 772 2463 9010·
942 2412 997 2451 16
1028 2406 1226 2452 finicene
1255 2421 1341 2464 9⁰10
1375 2407 1443 2464 (161²
1473 2406 1670 2452 dactilos
1700 2418 1843 2461 supra

160 2466 244 2523 90).
423 2478 518 2509 una
548 2466 659 2521 (una.
680 2467 737 2522 p)
763 2501 773 2510 .
807 2499 817 2510 .
843 2502 852 2512 .
879 2466 1030 2511 altera
1064 2480 1139 2523 912.
1318 2466 1511 2511 inducta.
1550 2467 1728 2522 (——tum
1764 2465 1842 2520 912)

162 2550 218 2557 —-
251 2523 435 2569 sanabis
468 2537 552 2569 om.
585 2538 628 2578 c,
669 2526 749 2581 qui
777 2539 932 2570 eorum
962 2527 1057 2569 loco
1088 2526 1223 2570 addit
1251 2526 1379 2570 haee:
1424 2526 1542 2570 Item
1573 2524 1708 2580 (quod
1736 2523 1845 2566 solet

161 2584 355 2629 scribere
370 2596 461 2640 pro
485 2582 628 2627 Aliud
649 2586 727 2642 yp)
754 2583 855 2628 elac
879 2586 930 2641 tp
955 2584 1266 2640 (elacterium)
1289 2586 1332 2637 Bc
1355 2584 1452 2641 apii
1481 2581 1643 2640 ciperii
1665 2580 1845 2637 pulegii

159 2642 328 2700 acapin
364 2641 567 2686 marubii
606 2656 765 2687 semen
803 2643 986 2688 lactuce
1027 2648 1123 2688 seffi
1161 2642 1308 2687 urtice
1351 2645 1506 2686 mente
1538 2641 1657 2685 sicce
1696 2639 1844 2705 lumpi

161 2700 396 2759 (iuniperi)
440 2713 647 2745 assorum
685 2701 827 2746 hacce
857 2703 979 2747 lauri
1019 2702 1195 2759 piperis
1227 2701 1415 2746 seminis
1446 2701 1549 2744 rute
1581 2702 1629 2744 et
1657 2697 1764 2742 fabe
1795 2712 1844 2741 1n

162 2760 267 2805 oleo
297 2760 438 2818 frigte
470 2764 531 2804 afi
564 2758 606 2815 7,-
635 2760 670 2803 I.
816 2766 872 2805 19
903 2761 977 2806 Ad
1010 2760 1257 2805 asmaticos
1280 2774 1334 2816 9⁶
1365 2760 1476 2816 (ind.
1502 2760 1573 2815 p),
1605 2758 1672 2802 De
1696 2770 1844 2801 asma.-

162 2819 267 2864 ticis
291 2833 342 2875 p.
464 2824 521 2864 20
552 2819 778 2864 Asmatici
808 2833 905 2877 901³·
1028 2819 1193 2864 aellosi
1225 2833 1260 2864 c.
