2004 3186
116 916 158 947 10

117 1387 158 1418 15

117 1843 159 1873 20

827 121 1219 173 —130—

180 243 323 292 melle
377 249 671 308 temperato,
725 257 871 307 quam
925 241 1170 306 appellant
1216 240 1398 290 Graeci
1449 242 1754 307 inomelitoS,
1813 252 1866 293 et

181 316 436 366 calefacies
476 323 525 365 et
562 318 703 381 potui
742 315 879 364 dabis
918 330 1007 380 per
1046 314 1152 364 dies
1191 314 1272 365 111.

328 389 471 439 aliud.
535 389 646 438 silfii
686 389 982 438 coclearium
1021 387 1042 436 1
1081 403 1194 437 cum
1233 389 1345 436 vino
1385 388 1543 436 mulso
1584 395 1696 438 ante
1740 389 1866 439 duas

181 463 326 512 horas
372 463 550 512 lavacri
596 464 736 527 potui
782 461 935 510 dabis.
1004 468 1088 511 aut
1133 460 1372 510 marrubii
1420 460 1587 510 viridis
1634 464 1741 511 suci
1780 478 1859 512 co-

181 536 415 586 clearium
454 551 610 585 unum
649 551 763 585 cum
800 537 900 584 vini
937 535 1085 584 mulsi
1123 536 1275 600 cyatis
1315 534 1381 583 111
1420 537 1560 600 potui
1598 534 1736 584 dabis
1778 544 1865 586 aut

181 609 425 659 anchusae
465 609 760 658 coclearium
800 609 819 656 Ι
859 624 973 658 cum
1010 611 1138 658 vinc.

328 683 473 733 aliud.
535 683 1005 747 apossegmatismum
1044 684 1129 746 qui
1167 682 1369 731 naribus
1407 682 1708 748 infunditur,
1747 690 1796 732 et
1835 698 1865 732 a

182 756 381 806 Graecis
420 756 691 821 appellatur
729 755 1078 821 rinenchyton,
1118 771 1176 805 eo
1217 756 1360 805 modo
1402 771 1499 820 quo
1540 758 1771 820 superius
1810 758 1862 805 in

183 832 355 895 capitis
407 829 719 895 passionibus
773 831 1061 894 scripsimus
1114 845 1205 895 per
1258 830 1478 879 triduum
1531 828 1734 878 naribus
1787 831 1866 878 in·

182 903 380 969 fundeS‚
419 911 469 952 et
507 902 715 952 sanabis,

255 1050 307 1100 L.
368 1050 447 1098 Ad
487 1052 715 1099 ventris
756 1058 812 1099 et
850 1052 1285 1099 intestinorum
1323 1052 1788 1100 reumatismum.

329 1153 420 1202 Est
444 1159 609 1202 autem
632 1155 980 1202 reumatismus
1004 1155 1190 1202 ventris
1215 1160 1265 1203 et
1287 1155 1637 1203 intestinorum
1665 1161 1865 1218 praeter

182 1227 371 1276 febrem
403 1226 645 1275 assellatio
678 1228 862 1275 ventris
902 1226 1123 1293 humida,
1162 1234 1211 1276 et
1250 1227 1507 1292 aliquando
1549 1242 1663 1276 cum
1694 1243 1866 1276 morsu

183 1309 233 1350 et
271 1300 528 1365 aliquando
577 1301 682 1348 sine
722 1315 904 1349 morsu,

331 1375 519 1423 curatio
570 1380 734 1422 autem
781 1388 954 1422 eorum
1000 1373 1110 1422 talis
1157 1382 1254 1440 est,
1310 1376 1438 1424 sicut
1493 1373 1748 1423 Galenus
1803 1374 1863 1423 ad

183 1447 482 1497 Glauconem
535 1446 759 1496 scribens
814 1448 902 1496 ait:
956 1449 1028 1496 uti
1081 1447 1284 1497 lavacris
1338 1447 1539 1497 debebis
1595 1448 1763 1497 calidis
1814 1455 1866 1496 et

184 1523 498 1570 constrictiva
538 1519 796 1569 cibatione.

584 1651 658 1701 LI.
720 1653 799 1701 Ad
839 1652 1088 1702 colicam
1128 1660 1186 1702 et
1223 1653 1471 1703 iliacam.

329 1754 418 1804 Est
464 1762 626 1804 autem
674 1756 826 1804 colica
872 1759 1035 1821 passio
1084 1763 1248 1805 tumor
1296 1772 1409 1806 cum
1458 1759 1647 1821 ingenti
1695 1756 1863 1806 dolore

183 1831 334 1878 totius
380 1831 537 1894 ipsius
582 1831 806 1878 intestini
852 1830 984 1894 quod
1024 1830 1197 1879 Graeci
1237 1838 1472 1880 consuete
1520 1830 1663 1880 colon
1703 1831 1863 1896 appel-

302 1946 325 1984 1
358 1941 636 1997 ynomelitos
659 1956 719 1998 Ρ,
750 1942 1034 1987 momellitos
1067 1956 1115 1987 c:
1255 1948 1281 1986 2
1315 1942 1531 1988 calefacis
1563 1957 1631 1999 οΡ.
1780 1956 1865 1999 per

183 2001 261 2046 ΙΙΙ.
294 1999 393 2044 dies
416 2014 467 2056 Ρ.
597 2005 627 2043 4
657 2001 789 2057 potui
821 2027 876 2033 —
910 2003 973 2058 (5)
1005 2001 1138 2046 dabis
1168 2015 1250 2046 om.
1270 2016 1320 2057 Ρ.
1466 2008 1489 2046 7
1523 2001 1595 2045 Al'
1620 2015 1678 2058 p:
1710 2015 1793 2046 om.
1827 2015 1865 2046 c.

183 2059 638 2116 appoplegmatismfi
677 2073 724 2114 c,
764 2058 1041 2127 apofl'atisffi
1064 2075 1101 2116 Ρ
1139 2062 1210 2116 (de
1251 2062 1648 2118 apofleymatismis
1686 2075 1726 2104 v.
1760 2060 1862 2105 Gal.

185 2118 318 2171 XII,
342 2121 447 2162 566.
475 2118 603 2173 582).
724 2118 826 2173 qui:
858 2119 984 2174 quod
1014 2133 1080 2193 σΡ.
1203 2122 1250 2163 et
1274 2132 1357 2164 om.
1382 2133 1418 2164 c.
1541 2125 1567 2164 8
1591 2119 1796 2164 renetico
1814 2134 1865 2175 Ρ,

182 2178 347 2221 metato
380 2190 404 2221 c
433 2175 562 2233 (Sim
596 2191 631 2220 s,
663 2176 898 2222 menticon
923 2198 978 2214 =
1003 2175 1308 2234 ῥἰνὲγχυτον).
1463 2191 1519 2222 eo
1551 2192 1589 2222 c:
1627 2178 1790 2222 eodem
1813 2192 1866 2234 Ρ.

184 2240 210 2279 9
248 2235 459 2292 passione
482 2250 534 2292 Ρ.
716 2240 768 2279 11
810 2236 878 2280 De
916 2236 1214 2280 reumatismo
1248 2251 1299 2293 Ρ.
1482 2242 1534 2280 13
1579 2236 1789 2280 asellatio
1814 2251 1865 2293 Ρ,

184 2309 233 2338 as
237 2293 379 2338 elatio
423 2308 458 2339 c.
611 2299 667 2338 14
706 2298 754 2338 et
791 2296 893 2351 (om.
917 2297 971 2351 Ρ)
1003 2296 1109 2340 add.
1133 2301 1204 2351 100.
1356 2297 1404 2340 eb
1435 2321 1491 2327 —
1524 2309 1680 2340 morsu
1711 2308 1792 2339 om.
1827 2309 1864 2348 c,

184 2354 264 2397 ubi
302 2366 407 2396 cum
445 2366 601 2397 morsu
638 2353 689 2397 in
730 2367 785 2398 eo
817 2356 1005 2398 curatur
1034 2355 1222 2410 (—rat)
1256 2356 1413 2398 autem
1445 2368 1605 2399 eorum
1637 2354 1764 2397 calee
1797 2353 1862 2398 sic

184 2411 395 2469 galienus
437 2416 515 2456 etc.
562 2413 616 2456 in
654 2412 727 2456 his
772 2412 869 2457 sine
915 2427 1070 2458 morsu
1108 2427 1146 2469 Ρ
1184 2434 1240 2450 ---
1279 2414 1329 2457 in
1371 2427 1427 2458 eo
1470 2414 1572 2470 (Ρνο
1620 2412 1717 2457 sine
1764 2414 1866 2468 eo?)

184 2485 219 2517 c.
365 2475 417 2515 15
458 2470 579 2514 Cura
608 2485 646 2527 Ρ
687 2472 762 2527 (cf.
802 2485 826 2516 c
863 2473 924 2516 ad
959 2486 999 2516 v.
1039 2474 1129 2530 14).
1310 2485 1468 2516 eorum
1499 2486 1543 2516 c:
1581 2471 1786 2528 ipsorum
1813 2485 1864 2527 Ρ.

184 2529 393 2587 galienus
424 2543 448 2575 c
479 2527 587 2586 (gal'
612 2530 667 2586 Ρ)
700 2530 815 2574 ubi?
861 2531 914 2574 in
955 2531 1070 2575 libro
1108 2530 1373 2587 deperdito?
1420 2546 1484 2575 an
1526 2532 1579 2575 in
1619 2535 1744 2574 textu
1773 2543 1866 2573 ver-

183 2589 326 2634 sionis
354 2593 436 2633 vet.
469 2587 676 2633 latinae?
810 2594 864 2633 16
897 2589 965 2633 ait
994 2590 1064 2634 uti
1093 2589 1292 2635 lavacris
1324 2589 1456 2634 dabis
1488 2589 1650 2634 calidis
1681 2591 1729 2633 et
1760 2602 1866 2632 con-

186 2647 396 2692 strictiva
425 2647 728 2704 vaporatione
752 2661 789 2703 c,
820 2647 888 2692 aie
921 2647 996 2706 [113
1028 2649 1217 2693 lavacra
1241 2648 1384 2705 (-cri
1408 2653 1514 2693 ante
1537 2649 1672 2704 corr.)
1700 2646 1864 2691 calida.

186 2708 234 2750 et
257 2706 556 2751 constrictiva
580 2705 751 2751 cibatio
768 2721 805 2763 Ρ
828 2707 906 2762 (cf.
923 2707 1043 2753 Petr.
1054 2722 1104 2764 Ρ.
1122 2711 1219 2754 277
1215 2711 1251 2762 )
1361 2712 1414 2751 18
1439 2708 1513 2751 Ad
1538 2722 1574 2752 c.
1594 2709 1642 2750 et
1663 2706 1865 2761 yliacam

186 2765 285 2820 (sic)
317 2779 354 2822 c,
385 2765 452 2809 De
477 2765 626 2810 colica
646 2765 859 2822 passione
883 2780 933 2822 Ρ.
1055 2771 1112 2811 20
1134 2766 1247 2811 iotis
1269 2772 1363 2823 1pis
1393 2765 1546 2811 itestis
1577 2765 1687 2810 colli
1718 2779 1796 2820 qm
1828 2777 1866 2820 c,

184 2823 327 2868 totius
358 2823 501 2881 ipsius
533 2823 606 2880 (19)
636 2823 846 2869 intestini
878 2825 969 2869 coli
1000 2826 1126 2882 quod.
1148 2840 1199 2882 Ρ.
1262 2826 1318 2880 cf.
1355 2824 1471 2870 Cael.
1505 2829 1655 2879 ox.3,
1690 2829 1788 2868 143.
