<?xml version="1.0" encoding="UTF-8"?>
<!DOCTYPE html PUBLIC "-//W3C//DTD XHTML 1.0 Transitional//EN"
    "http://www.w3.org/TR/xhtml1/DTD/xhtml1-transitional.dtd">
<html xmlns="http://www.w3.org/1999/xhtml" xml:lang="en" lang="en">
 <head>
  <title>
</title>
<meta http-equiv="Content-Type" content="text/html;charset=utf-8" />
  <meta name='ocr-system' content='tesseract 3.04.00' />
  <meta name='ocr-capabilities' content='ocr_page ocr_carea ocr_par ocr_line ocrx_word'/>
</head>
<body>
  <div class='ocr_page' id='page_1' title='image "./demedicinaexgrae00cassuoft_0239.png"; bbox 0 0 2004 3186; ppageno 0'>
   <div class='ocr_carea' id='block_1_1' title="bbox 740 103 1142 157">
    <p class='ocr_par' dir='ltr' id='par_1_1' title="bbox 740 103 1142 157">
     <span class='ocr_line' id='line_1_1' title="bbox 740 103 1142 157; baseline -0.002 0"><span class='ocrx_word' id='word_1_1' title='bbox 740 134 810 141; x_wconf 91' lang='lat'><strong>——</strong></span> <span class='ocrx_word' id='word_1_2' title='bbox 887 103 1142 157; x_wconf 84' lang='lat'>225-</span> 
     </span>
    </p>
   </div>
   <div class='ocr_carea' id='block_1_2' title="bbox 90 218 890 794">
    <p class='ocr_par' dir='ltr' id='par_1_2' title="bbox 90 218 889 794">
     <span class='ocr_line' id='line_1_2' title="bbox 122 218 889 276; baseline -0.001 -12"><span class='ocrx_word' id='word_1_3' title='bbox 122 221 251 275; x_wconf 83' lang='grc' dir='ltr'><strong><em>νίτης</em></strong></span> <span class='ocrx_word' id='word_1_4' title='bbox 286 233 354 276; x_wconf 71' lang='lat' dir='ltr'><strong>qr.</strong></span> <span class='ocrx_word' id='word_1_5' title='bbox 396 224 444 274; x_wconf 79' lang='lat'><strong>2,</strong></span> <span class='ocrx_word' id='word_1_6' title='bbox 485 224 511 263; x_wconf 88' lang='grc'><strong>6</strong></span> <span class='ocrx_word' id='word_1_7' title='bbox 543 232 594 275; x_wconf 77' lang='lat' dir='ltr'><strong>p.</strong></span> <span class='ocrx_word' id='word_1_8' title='bbox 649 222 736 263; x_wconf 84' lang='lat'><strong>151</strong></span> <span class='ocrx_word' id='word_1_9' title='bbox 775 218 889 263; x_wconf 85' lang='lat' dir='ltr'><strong>Bas.</strong></span> 
     </span>
     <span class='ocr_line' id='line_1_3' title="bbox 171 277 666 335; baseline -0.002 -11.929"><span class='ocrx_word' id='word_1_10' title='bbox 171 293 254 335; x_wconf 62' lang='grc' dir='ltr'><strong>,μ</strong></span> <span class='ocrx_word' id='word_1_11' title='bbox 289 282 395 324; x_wconf 83' lang='grc'>398</span> <span class='ocrx_word' id='word_1_12' title='bbox 429 282 523 324; x_wconf 75' lang='lat'><strong>524</strong></span> <span class='ocrx_word' id='word_1_13' title='bbox 553 277 666 334; x_wconf 78' lang='lat' dir='ltr'><strong>etc..)</strong></span> 
     </span>
     <span class='ocr_line' id='line_1_4' title="bbox 92 335 890 391; baseline -0.003 -10"><span class='ocrx_word' id='word_1_14' title='bbox 92 335 890 391; x_wconf 58' lang='grc' dir='ltr'>3836111138·38Ὲοᾱ111386ιαλ3816-</span> 
     </span>
     <span class='ocr_line' id='line_1_5' title="bbox 121 393 887 452; baseline -0.003 -12"><span class='ocrx_word' id='word_1_15' title='bbox 121 396 254 451; x_wconf 86' lang='grc'>(11116)</span> <span class='ocrx_word' id='word_1_16' title='bbox 286 400 424 452; x_wconf 64' lang='grc'>61144</span> <span class='ocrx_word' id='word_1_17' title='bbox 454 393 714 452; x_wconf 87' lang='lat' dir='ltr'><strong>(asfodillos</strong></span> <span class='ocrx_word' id='word_1_18' title='bbox 746 394 887 451; x_wconf 76' lang='lat' dir='ltr'><strong>Apul.</strong></span> 
     </span>
     <span class='ocr_line' id='line_1_6' title="bbox 129 452 888 508; baseline -0.001 -9"><span class='ocrx_word' id='word_1_19' title='bbox 129 455 341 508; x_wconf 83' lang='lat' dir='ltr'><strong>Vratisl.,</strong></span> <span class='ocrx_word' id='word_1_20' title='bbox 379 453 602 499; x_wconf 85' lang='lat' dir='ltr'><strong>asfodilus</strong></span> <span class='ocrx_word' id='word_1_21' title='bbox 642 452 767 498; x_wconf 80' lang='lat' dir='ltr'><strong>Orib.</strong></span> <span class='ocrx_word' id='word_1_22' title='bbox 809 454 888 499; x_wconf 81' lang='lat' dir='ltr'><strong>lat.</strong></span> 
     </span>
     <span class='ocr_line' id='line_1_7' title="bbox 119 512 580 570; baseline -0.005 -11.755"><span class='ocrx_word' id='word_1_23' title='bbox 119 514 212 570; x_wconf 85' lang='lat' dir='ltr'><strong>A‚a</strong></span> <span class='ocrx_word' id='word_1_24' title='bbox 244 512 444 558; x_wconf 73' lang='lat' dir='ltr'><strong>—dillus</strong></span> <span class='ocrx_word' id='word_1_25' title='bbox 474 513 580 569; x_wconf 86' lang='lat' dir='ltr'><strong>Ab).</strong></span> 
     </span>
     <span class='ocr_line' id='line_1_8' title="bbox 90 549 885 628; baseline 0 -12"><span class='ocrx_word' id='word_1_26' title='bbox 90 549 314 618; x_wconf 63' lang='lat' dir='ltr'><strong>assa’tus.</strong></span> <span class='ocrx_word' id='word_1_27' title='bbox 379 570 577 628; x_wconf 77' lang='lat' dir='ltr'><strong>pumicis</strong></span> <span class='ocrx_word' id='word_1_28' title='bbox 640 570 785 615; x_wconf 88' lang='lat' dir='ltr'><strong>assati</strong></span> <span class='ocrx_word' id='word_1_29' title='bbox 848 577 885 616; x_wconf 90' lang='lat'><strong>1.</strong></span> 
     </span>
     <span class='ocr_line' id='line_1_9' title="bbox 121 630 888 676; baseline 0 -1"><span class='ocrx_word' id='word_1_30' title='bbox 121 645 332 676; x_wconf 83' lang='lat' dir='ltr'><strong>cerussae</strong></span> <span class='ocrx_word' id='word_1_31' title='bbox 358 630 499 675; x_wconf 84' lang='lat' dir='ltr'><strong>tritae</strong></span> <span class='ocrx_word' id='word_1_32' title='bbox 523 631 571 675; x_wconf 92' lang='lat' dir='ltr'><strong>et</strong></span> <span class='ocrx_word' id='word_1_33' title='bbox 594 665 604 675; x_wconf 87' lang='lat'><strong>.</strong></span> <span class='ocrx_word' id='word_1_34' title='bbox 630 665 641 675; x_wconf 88' lang='lat'><strong>.</strong></span> <span class='ocrx_word' id='word_1_35' title='bbox 669 666 677 674; x_wconf 90' lang='lat'><strong>.</strong></span> <span class='ocrx_word' id='word_1_36' title='bbox 703 631 888 675; x_wconf 86' lang='lat' dir='ltr'><strong>assatae</strong></span> 
     </span>
     <span class='ocr_line' id='line_1_10' title="bbox 120 690 888 745; baseline -0.003 -10"><span class='ocrx_word' id='word_1_37' title='bbox 120 693 168 735; x_wconf 86' lang='lat' dir='ltr'><strong>et</strong></span> <span class='ocrx_word' id='word_1_38' title='bbox 194 724 202 734; x_wconf 96' lang='lat'><strong>.</strong></span> <span class='ocrx_word' id='word_1_39' title='bbox 229 727 237 735; x_wconf 93' lang='lat'><strong>.</strong></span> <span class='ocrx_word' id='word_1_40' title='bbox 265 727 273 735; x_wconf 94' lang='lat'><strong>.</strong></span> <span class='ocrx_word' id='word_1_41' title='bbox 299 690 427 734; x_wconf 85' lang='lat' dir='ltr'><strong>lotae</strong></span> <span class='ocrx_word' id='word_1_42' title='bbox 468 693 537 733; x_wconf 88' lang='grc'><strong>29.</strong></span> <span class='ocrx_word' id='word_1_43' title='bbox 590 702 671 745; x_wconf 89' lang='lat' dir='ltr'><strong>ges</strong></span> <span class='ocrx_word' id='word_1_44' title='bbox 710 690 888 734; x_wconf 87' lang='lat' dir='ltr'><strong>asteros</strong></span> 
     </span>
     <span class='ocr_line' id='line_1_11' title="bbox 117 747 886 794; baseline 0.001 -2"><span class='ocrx_word' id='word_1_45' title='bbox 117 749 259 794; x_wconf 86' lang='lat' dir='ltr'><strong>tritae</strong></span> <span class='ocrx_word' id='word_1_46' title='bbox 317 750 500 793; x_wconf 81' lang='lat' dir='ltr'><strong>assatae</strong></span> <span class='ocrx_word' id='word_1_47' title='bbox 548 747 595 792; x_wconf 88' lang='lat' dir='ltr'><strong>et</strong></span> <span class='ocrx_word' id='word_1_48' title='bbox 646 748 773 792; x_wconf 86' lang='lat' dir='ltr'><strong>lotae</strong></span> <span class='ocrx_word' id='word_1_49' title='bbox 826 749 886 793; x_wconf 76' lang='lat' dir='ltr'><strong>ib.</strong></span> 
     </span>
    </p>
   </div>
   <div class='ocr_carea' id='block_1_3' title="bbox 118 806 895 865">
    <p class='ocr_par' dir='ltr' id='par_1_3' title="bbox 118 806 895 865">
     <span class='ocr_line' id='line_1_12' title="bbox 118 806 895 865; baseline -0.003 -12"><span class='ocrx_word' id='word_1_50' title='bbox 118 807 371 865; x_wconf 85' lang='lat' dir='ltr'><strong>specularis</strong></span> <span class='ocrx_word' id='word_1_51' title='bbox 402 806 547 851; x_wconf 81' lang='lat' dir='ltr'><strong>assati</strong></span> <span class='ocrx_word' id='word_1_52' title='bbox 585 810 654 851; x_wconf 88' lang='lat'><strong>39.</strong></span> <span class='ocrx_word' id='word_1_53' title='bbox 691 811 745 851; x_wconf 79' lang='lat'><strong>73</strong></span> <span class='ocrx_word' id='word_1_54' title='bbox 778 807 895 863; x_wconf 81' lang='lat' dir='ltr'><strong>(assi</strong></span> 
     </span>
    </p>
   </div>
   <div class='ocr_carea' id='block_1_4' title="bbox 84 865 888 1748">
    <p class='ocr_par' dir='ltr' id='par_1_4' title="bbox 115 865 888 1147">
     <span class='ocr_line' id='line_1_13' title="bbox 119 865 887 923; baseline -0.003 -12"><span class='ocrx_word' id='word_1_55' title='bbox 119 869 209 923; x_wconf 87' lang='grc'>32).</span> <span class='ocrx_word' id='word_1_56' title='bbox 250 892 306 899; x_wconf 87' lang='grc'>-</span> <span class='ocrx_word' id='word_1_57' title='bbox 348 865 589 910; x_wconf 88' lang='lat' dir='ltr'><strong>cerebrum</strong></span> <span class='ocrx_word' id='word_1_58' title='bbox 627 879 782 910; x_wconf 89' lang='lat' dir='ltr'><strong>assum</strong></span> <span class='ocrx_word' id='word_1_59' title='bbox 826 867 887 923; x_wconf 74' lang='lat'><strong>(9,</strong></span> 
     </span>
     <span class='ocr_line' id='line_1_14' title="bbox 117 925 887 980; baseline -0.004 -10"><span class='ocrx_word' id='word_1_60' title='bbox 117 927 198 970; x_wconf 76' lang='lat' dir='ltr'><strong>ubi</strong></span> <span class='ocrx_word' id='word_1_61' title='bbox 221 925 428 969; x_wconf 88' lang='lat' dir='ltr'><strong>assatum</strong></span> <span class='ocrx_word' id='word_1_62' title='bbox 454 926 527 980; x_wconf 77' lang='lat' dir='ltr'><strong>cp)</strong></span> <span class='ocrx_word' id='word_1_63' title='bbox 563 930 599 967; x_wconf 93' lang='lat'><strong>1.</strong></span> <span class='ocrx_word' id='word_1_64' title='bbox 649 938 737 969; x_wconf 86' lang='lat' dir='ltr'><strong>cer.</strong></span> <span class='ocrx_word' id='word_1_65' title='bbox 765 938 887 969; x_wconf 88' lang='lat' dir='ltr'><strong>assa-</strong></span> 
     </span>
     <span class='ocr_line' id='line_1_15' title="bbox 115 982 886 1029; baseline -0.001 -1"><span class='ocrx_word' id='word_1_66' title='bbox 115 986 217 1029; x_wconf 83' lang='lat' dir='ltr'><strong>tum</strong></span> <span class='ocrx_word' id='word_1_67' title='bbox 242 990 312 1029; x_wconf 88' lang='grc'><strong>46.</strong></span> <span class='ocrx_word' id='word_1_68' title='bbox 364 982 672 1028; x_wconf 89' lang='lat' dir='ltr'><strong>scammoniae</strong></span> <span class='ocrx_word' id='word_1_69' title='bbox 705 985 886 1028; x_wconf 83' lang='lat' dir='ltr'><strong>assatae</strong></span> 
     </span>
     <span class='ocr_line' id='line_1_16' title="bbox 118 1042 888 1098; baseline -0.003 -10"><span class='ocrx_word' id='word_1_70' title='bbox 118 1048 173 1088; x_wconf 83' lang='lat'><strong>76</strong></span> <span class='ocrx_word' id='word_1_71' title='bbox 198 1047 276 1089; x_wconf 83' lang='lat' dir='ltr'><strong>etc.</strong></span> <span class='ocrx_word' id='word_1_72' title='bbox 303 1068 358 1074; x_wconf 90' lang='lat'>—</span> <span class='ocrx_word' id='word_1_73' title='bbox 384 1042 696 1098; x_wconf 85' lang='lat' dir='ltr'><strong>subassatum,</strong></span> <span class='ocrx_word' id='word_1_74' title='bbox 719 1042 888 1087; x_wconf 89' lang='lat' dir='ltr'><strong>leviter</strong></span> 
     </span>
     <span class='ocr_line' id='line_1_17' title="bbox 118 1102 483 1147; baseline -0.003 0"><span class='ocrx_word' id='word_1_75' title='bbox 118 1102 381 1147; x_wconf 85' lang='lat' dir='ltr'><strong>subassatas</strong></span> <span class='ocrx_word' id='word_1_76' title='bbox 412 1106 483 1146; x_wconf 87' lang='grc'><strong>48.</strong></span> 
     </span>
    </p>

    <p class='ocr_par' dir='ltr' id='par_1_5' title="bbox 84 1160 887 1748">
     <span class='ocr_line' id='line_1_18' title="bbox 86 1160 887 1216; baseline 0.001 -12"><span class='ocrx_word' id='word_1_77' title='bbox 86 1161 349 1206; x_wconf 78' lang='lat' dir='ltr'><strong>assellatio</strong></span> <span class='ocrx_word' id='word_1_78' title='bbox 376 1160 551 1204; x_wconf 85' lang='lat' dir='ltr'><strong>ventris</strong></span> <span class='ocrx_word' id='word_1_79' title='bbox 583 1165 653 1205; x_wconf 89' lang='lat'><strong>48.</strong></span> <span class='ocrx_word' id='word_1_80' title='bbox 687 1164 757 1205; x_wconf 84' lang='lat'><strong>50.</strong></span> <span class='ocrx_word' id='word_1_81' title='bbox 807 1161 887 1216; x_wconf 88' lang='lat' dir='ltr'><strong>qui</strong></span> 
     </span>
     <span class='ocr_line' id='line_1_19' title="bbox 115 1219 884 1277; baseline -0.001 -13"><span class='ocrx_word' id='word_1_82' title='bbox 115 1219 346 1277; x_wconf 87' lang='lat' dir='ltr'><strong>frequenti</strong></span> <span class='ocrx_word' id='word_1_83' title='bbox 419 1219 681 1263; x_wconf 89' lang='lat' dir='ltr'><strong>deiectione</strong></span> <span class='ocrx_word' id='word_1_84' title='bbox 745 1219 884 1264; x_wconf 86' lang='grc'>38861-</span> 
     </span>
     <span class='ocr_line' id='line_1_20' title="bbox 114 1277 886 1335; baseline 0 -13"><span class='ocrx_word' id='word_1_85' title='bbox 114 1278 305 1323; x_wconf 87' lang='lat' dir='ltr'><strong>lationis</strong></span> <span class='ocrx_word' id='word_1_86' title='bbox 352 1277 582 1335; x_wconf 87' lang='lat' dir='ltr'><strong>surgendo</strong></span> <span class='ocrx_word' id='word_1_87' title='bbox 624 1277 886 1335; x_wconf 71' lang='lat' dir='ltr'><strong>fatigantur</strong></span> 
     </span>
     <span class='ocr_line' id='line_1_21' title="bbox 114 1336 884 1382; baseline -0.003 0"><span class='ocrx_word' id='word_1_88' title='bbox 114 1342 172 1382; x_wconf 89' lang='grc'><strong>48</strong></span> <span class='ocrx_word' id='word_1_89' title='bbox 197 1342 310 1382; x_wconf 77' lang='lat' dir='ltr'><strong>eaetr.</strong></span> <span class='ocrx_word' id='word_1_90' title='bbox 344 1363 399 1368; x_wconf 92' lang='lat'>—</span> <span class='ocrx_word' id='word_1_91' title='bbox 432 1351 538 1381; x_wconf 89' lang='lat' dir='ltr'><strong>cum</strong></span> <span class='ocrx_word' id='word_1_92' title='bbox 567 1336 711 1381; x_wconf 88' lang='lat' dir='ltr'><strong>nimie</strong></span> <span class='ocrx_word' id='word_1_93' title='bbox 743 1337 884 1382; x_wconf 89' lang='grc'>38861-</span> 
     </span>
     <span class='ocr_line' id='line_1_22' title="bbox 113 1395 679 1441; baseline 0.002 -2"><span class='ocrx_word' id='word_1_94' title='bbox 113 1397 210 1441; x_wconf 85' lang='grc'>1316</span> <span class='ocrx_word' id='word_1_95' title='bbox 243 1395 578 1440; x_wconf 88' lang='lat' dir='ltr'><strong>desideraverit</strong></span> <span class='ocrx_word' id='word_1_96' title='bbox 608 1400 679 1440; x_wconf 89' lang='lat'><strong>51.</strong></span> 
     </span>
     <span class='ocr_line' id='line_1_23' title="bbox 84 1453 882 1511; baseline -0.003 -11"><span class='ocrx_word' id='word_1_97' title='bbox 84 1455 292 1500; x_wconf 68' lang='lat' dir='ltr'><strong>astellat</strong></span> <span class='ocrx_word' id='word_1_98' title='bbox 324 1455 490 1499; x_wconf 87' lang='lat' dir='ltr'><strong>taedae</strong></span> <span class='ocrx_word' id='word_1_99' title='bbox 521 1453 710 1511; x_wconf 88' lang='lat' dir='ltr'><strong>pinguis</strong></span> <span class='ocrx_word' id='word_1_100' title='bbox 742 1454 882 1498; x_wconf 86' lang='lat' dir='ltr'><strong>astel-</strong></span> 
     </span>
     <span class='ocr_line' id='line_1_24' title="bbox 112 1513 882 1571; baseline -0.001 -13"><span class='ocrx_word' id='word_1_101' title='bbox 112 1514 181 1558; x_wconf 84' lang='lat' dir='ltr'><strong>las</strong></span> <span class='ocrx_word' id='word_1_102' title='bbox 213 1515 287 1569; x_wconf 89' lang='lat'><strong>(=</strong></span> <span class='ocrx_word' id='word_1_103' title='bbox 311 1513 473 1558; x_wconf 84' lang='lat' dir='ltr'><strong>taedas</strong></span> <span class='ocrx_word' id='word_1_104' title='bbox 497 1513 696 1571; x_wconf 83' lang='lat' dir='ltr'><strong>pingues</strong></span> <span class='ocrx_word' id='word_1_105' title='bbox 725 1516 765 1569; x_wconf 89' lang='grc'><strong>6)</strong></span> <span class='ocrx_word' id='word_1_106' title='bbox 797 1513 882 1557; x_wconf 88' lang='lat' dir='ltr'><strong>mi-</strong></span> 
     </span>
     <span class='ocr_line' id='line_1_25' title="bbox 112 1572 881 1628; baseline -0.001 -11"><span class='ocrx_word' id='word_1_107' title='bbox 112 1573 315 1618; x_wconf 86' lang='lat' dir='ltr'><strong>nutatim</strong></span> <span class='ocrx_word' id='word_1_108' title='bbox 368 1572 538 1616; x_wconf 86' lang='lat' dir='ltr'><strong>incisas</strong></span> <span class='ocrx_word' id='word_1_109' title='bbox 590 1586 622 1628; x_wconf 82' lang='lat' dir='ltr'><strong>p</strong></span> <span class='ocrx_word' id='word_1_110' title='bbox 676 1576 746 1617; x_wconf 88' lang='grc'><strong>32.</strong></span> <span class='ocrx_word' id='word_1_111' title='bbox 823 1573 881 1627; x_wconf 82' lang='lat' dir='ltr'><strong>cf.</strong></span> 
     </span>
     <span class='ocr_line' id='line_1_26' title="bbox 112 1630 882 1688; baseline -0.003 -12"><span class='ocrx_word' id='word_1_112' title='bbox 112 1632 405 1688; x_wconf 75' lang='lat' dir='ltr'><strong>Pseudoplin.</strong></span> <span class='ocrx_word' id='word_1_113' title='bbox 430 1631 542 1676; x_wconf 80' lang='lat' dir='ltr'><strong>med.</strong></span> <span class='ocrx_word' id='word_1_114' title='bbox 572 1636 614 1687; x_wconf 88' lang='lat'><strong>1,</strong></span> <span class='ocrx_word' id='word_1_115' title='bbox 638 1635 698 1675; x_wconf 88' lang='lat'><strong>13</strong></span> <span class='ocrx_word' id='word_1_116' title='bbox 714 1630 882 1675; x_wconf 85' lang='lat' dir='ltr'><strong>taedae</strong></span> 
     </span>
     <span class='ocr_line' id='line_1_27' title="bbox 112 1689 881 1748; baseline -0.001 -13"><span class='ocrx_word' id='word_1_117' title='bbox 112 1691 309 1748; x_wconf 86' lang='lat' dir='ltr'><strong>pingues</strong></span> <span class='ocrx_word' id='word_1_118' title='bbox 339 1690 389 1733; x_wconf 91' lang='lat' dir='ltr'><strong>in</strong></span> <span class='ocrx_word' id='word_1_119' title='bbox 420 1689 596 1734; x_wconf 86' lang='lat' dir='ltr'><strong>astulas</strong></span> <span class='ocrx_word' id='word_1_120' title='bbox 633 1689 881 1734; x_wconf 88' lang='lat' dir='ltr'><strong>concidun-</strong></span> 
     </span>
    </p>
   </div>
   <div class='ocr_carea' id='block_1_5' title="bbox 79 1752 883 2868">
    <p class='ocr_par' dir='ltr' id='par_1_6' title="bbox 79 1752 883 2868">
     <span class='ocr_line' id='line_1_28' title="bbox 111 1752 201 1794; baseline 0.011 -1"><span class='ocrx_word' id='word_1_121' title='bbox 111 1752 201 1794; x_wconf 89' lang='lat' dir='ltr'><strong>tur.</strong></span> 
     </span>
     <span class='ocr_line' id='line_1_29' title="bbox 83 1807 883 1863; baseline -0.001 -9"><span class='ocrx_word' id='word_1_122' title='bbox 83 1809 354 1854; x_wconf 76' lang='lat' dir='ltr'><strong>attestante</strong></span> <span class='ocrx_word' id='word_1_123' title='bbox 396 1809 575 1851; x_wconf 88' lang='lat' dir='ltr'><strong>renium</strong></span> <span class='ocrx_word' id='word_1_124' title='bbox 615 1807 774 1852; x_wconf 89' lang='lat' dir='ltr'><strong>dolore</strong></span> <span class='ocrx_word' id='word_1_125' title='bbox 813 1809 883 1863; x_wconf 76' lang='lat' dir='ltr'><strong>(ut</strong></span> 
     </span>
     <span class='ocr_line' id='line_1_30' title="bbox 110 1867 776 1925; baseline 0 -13"><span class='ocrx_word' id='word_1_126' title='bbox 110 1868 238 1925; x_wconf 78' lang='lat' dir='ltr'><strong>apud</strong></span> <span class='ocrx_word' id='word_1_127' title='bbox 270 1867 406 1921; x_wconf 66' lang='lat' dir='ltr'><strong>Cael„</strong></span> <span class='ocrx_word' id='word_1_128' title='bbox 423 1867 672 1922; x_wconf 80' lang='lat' dir='ltr'><strong>.Escolap.)</strong></span> <span class='ocrx_word' id='word_1_129' title='bbox 704 1871 776 1912; x_wconf 88' lang='lat'><strong>46.</strong></span> 
     </span>
     <span class='ocr_line' id='line_1_31' title="bbox 82 1925 881 1982; baseline 0 -12"><span class='ocrx_word' id='word_1_130' title='bbox 82 1927 297 1972; x_wconf 80' lang='lat' dir='ltr'><strong>aturbis=</strong></span> <span class='ocrx_word' id='word_1_131' title='bbox 311 1926 503 1970; x_wconf 86' lang='lat' dir='ltr'><strong>herbam</strong></span> <span class='ocrx_word' id='word_1_132' title='bbox 514 1925 728 1982; x_wconf 87' lang='lat' dir='ltr'><strong>putidam</strong></span> <span class='ocrx_word' id='word_1_133' title='bbox 739 1939 881 1982; x_wconf 91' lang='lat' dir='ltr'><strong>quam</strong></span> 
     </span>
     <span class='ocr_line' id='line_1_32' title="bbox 110 1985 882 2043; baseline -0.001 -13"><span class='ocrx_word' id='word_1_134' title='bbox 110 1986 277 2043; x_wconf 86' lang='lat' dir='ltr'><strong>punice</strong></span> <span class='ocrx_word' id='word_1_135' title='bbox 302 1985 479 2030; x_wconf 87' lang='lat' dir='ltr'><strong>aturbis</strong></span> <span class='ocrx_word' id='word_1_136' title='bbox 510 1986 594 2040; x_wconf 81' lang='lat' dir='ltr'><strong>(sic</strong></span> <span class='ocrx_word' id='word_1_137' title='bbox 615 1987 686 2041; x_wconf 78' lang='grc'><strong>96)</strong></span> <span class='ocrx_word' id='word_1_138' title='bbox 718 1985 882 2029; x_wconf 86' lang='lat' dir='ltr'><strong>dicunt</strong></span> 
     </span>
     <span class='ocr_line' id='line_1_33' title="bbox 81 2101 878 2159; baseline 0 -12"><span class='ocrx_word' id='word_1_139' title='bbox 81 2103 335 2148; x_wconf 80' lang='lat' dir='ltr'><strong>auditoria</strong></span> <span class='ocrx_word' id='word_1_140' title='bbox 352 2115 548 2147; x_wconf 85' lang='lat' dir='ltr'><strong>caverna</strong></span> <span class='ocrx_word' id='word_1_141' title='bbox 563 2102 637 2157; x_wconf 80' lang='lat' dir='ltr'><strong>(cf.</strong></span> <span class='ocrx_word' id='word_1_142' title='bbox 651 2101 787 2159; x_wconf 81' lang='lat' dir='ltr'><strong>Cael.)</strong></span> <span class='ocrx_word' id='word_1_143' title='bbox 807 2107 878 2147; x_wconf 84' lang='lat'><strong>28.</strong></span> 
     </span>
     <span class='ocr_line' id='line_1_34' title="bbox 81 2161 879 2207; baseline -0.001 0"><span class='ocrx_word' id='word_1_144' title='bbox 81 2162 304 2207; x_wconf 73' lang='grc'>3111186118</span> <span class='ocrx_word' id='word_1_145' title='bbox 329 2162 479 2206; x_wconf 87' lang='lat' dir='ltr'><strong>oticus</strong></span> <span class='ocrx_word' id='word_1_146' title='bbox 501 2166 571 2206; x_wconf 86' lang='grc'><strong>28.</strong></span> <span class='ocrx_word' id='word_1_147' title='bbox 595 2166 667 2206; x_wconf 87' lang='grc'><strong>46.</strong></span> <span class='ocrx_word' id='word_1_148' title='bbox 695 2187 751 2193; x_wconf 88' lang='lat'><strong>—-</strong></span> <span class='ocrx_word' id='word_1_149' title='bbox 774 2161 879 2206; x_wconf 84' lang='lat' dir='ltr'><strong>fisa-</strong></span> 
     </span>
     <span class='ocr_line' id='line_1_35' title="bbox 108 2220 879 2288; baseline -0.001 -23"><span class='ocrx_word' id='word_1_150' title='bbox 108 2221 203 2265; x_wconf 91' lang='lat' dir='ltr'><strong>rius</strong></span> <span class='ocrx_word' id='word_1_151' title='bbox 220 2224 296 2278; x_wconf 73' lang='grc' dir='ltr'>(Ῥ).</span> <span class='ocrx_word' id='word_1_152' title='bbox 320 2234 405 2278; x_wconf 91' lang='lat' dir='ltr'><strong>per</strong></span> <span class='ocrx_word' id='word_1_153' title='bbox 431 2220 655 2288; x_wconf 77' lang='grc'>3311863111</span> <span class='ocrx_word' id='word_1_154' title='bbox 671 2220 879 2264; x_wconf 85' lang='lat' dir='ltr'><strong>fisarium</strong></span> 
     </span>
     <span class='ocr_line' id='line_1_36' title="bbox 108 2278 877 2325; baseline -0.001 -1"><span class='ocrx_word' id='word_1_155' title='bbox 108 2280 203 2325; x_wconf 89' lang='lat' dir='ltr'><strong>sive</strong></span> <span class='ocrx_word' id='word_1_156' title='bbox 234 2293 430 2325; x_wconf 86' lang='lat' dir='ltr'><strong>aeneum</strong></span> <span class='ocrx_word' id='word_1_157' title='bbox 458 2278 556 2324; x_wconf 89' lang='lat' dir='ltr'><strong>sive</strong></span> <span class='ocrx_word' id='word_1_158' title='bbox 587 2293 770 2323; x_wconf 89' lang='lat' dir='ltr'><strong>osseum</strong></span> <span class='ocrx_word' id='word_1_159' title='bbox 800 2293 877 2324; x_wconf 92' lang='lat' dir='ltr'><strong>ve-</strong></span> 
     </span>
     <span class='ocr_line' id='line_1_37' title="bbox 110 2338 876 2396; baseline -0.001 -13"><span class='ocrx_word' id='word_1_160' title='bbox 110 2339 232 2384; x_wconf 83' lang='lat' dir='ltr'><strong>sicae</strong></span> <span class='ocrx_word' id='word_1_161' title='bbox 254 2338 476 2396; x_wconf 87' lang='lat' dir='ltr'><strong>porcinae</strong></span> <span class='ocrx_word' id='word_1_162' title='bbox 501 2340 712 2394; x_wconf 85' lang='lat' dir='ltr'><strong>aptatum</strong></span> <span class='ocrx_word' id='word_1_163' title='bbox 739 2343 793 2382; x_wconf 84' lang='lat'><strong>19</strong></span> <span class='ocrx_word' id='word_1_164' title='bbox 820 2359 876 2375; x_wconf 89' lang='lat'><strong><em>=</em></strong></span> 
     </span>
     <span class='ocr_line' id='line_1_38' title="bbox 110 2396 876 2468; baseline -0.001 -26"><span class='ocrx_word' id='word_1_165' title='bbox 110 2398 213 2443; x_wconf 79' lang='lat' dir='ltr'><strong>Gal.</strong></span> <span class='ocrx_word' id='word_1_166' title='bbox 240 2399 320 2468; x_wconf 55' lang='lat' dir='ltr'><strong>§ad</strong></span> <span class='ocrx_word' id='word_1_167' title='bbox 344 2397 435 2452; x_wconf 63' lang='grc' dir='ltr'><strong>ΘΖ.)</strong></span> <span class='ocrx_word' id='word_1_168' title='bbox 464 2396 561 2452; x_wconf 89' lang='lat' dir='ltr'><strong>XI,</strong></span> <span class='ocrx_word' id='word_1_169' title='bbox 586 2401 680 2443; x_wconf 80' lang='lat'><strong>125</strong></span> <span class='ocrx_word' id='word_1_170' title='bbox 712 2397 876 2441; x_wconf 78' lang='grc' dir='ltr'><strong><em>κύστιν</em></strong></span> 
     </span>
     <span class='ocr_line' id='line_1_39' title="bbox 108 2430 875 2529; baseline 0 -28"><span class='ocrx_word' id='word_1_171' title='bbox 108 2471 336 2529; x_wconf 81' lang='grc' dir='ltr'><strong><em>προσηκει</em></strong></span> <span class='ocrx_word' id='word_1_172' title='bbox 394 2430 601 2525; x_wconf 80' lang='grc' dir='ltr'><strong><em>λαβόντα</em></strong></span> <span class='ocrx_word' id='word_1_173' title='bbox 664 2457 875 2526; x_wconf 81' lang='grc' dir='ltr'><strong><em>χοιρείαν</em></strong></span> 
     </span>
     <span class='ocr_line' id='line_1_40' title="bbox 108 2509 878 2586; baseline 0.001 -28"><span class='ocrx_word' id='word_1_174' title='bbox 108 2513 425 2586; x_wconf 80' lang='grc' dir='ltr'><strong><em>προστιθέναι</em></strong></span> <span class='ocrx_word' id='word_1_175' title='bbox 459 2510 543 2558; x_wconf 87' lang='grc' dir='ltr'><strong>τὸν</strong></span> <span class='ocrx_word' id='word_1_176' title='bbox 584 2509 878 2571; x_wconf 79' lang='grc' dir='ltr'><strong><em>εὖθύτρητον</em></strong></span> 
     </span>
     <span class='ocr_line' id='line_1_41' title="bbox 110 2567 876 2645; baseline 0.001 -27"><span class='ocrx_word' id='word_1_177' title='bbox 110 2571 332 2618; x_wconf 76' lang='grc' dir='ltr'><strong><em>αὐλίσκον</em></strong></span> <span class='ocrx_word' id='word_1_178' title='bbox 379 2567 425 2645; x_wconf 80' lang='grc' dir='ltr'><strong>(ἢ</strong></span> <span class='ocrx_word' id='word_1_179' title='bbox 477 2568 529 2616; x_wconf 78' lang='grc' dir='ltr'><strong>ἐκ</strong></span> <span class='ocrx_word' id='word_1_180' title='bbox 575 2573 750 2630; x_wconf 79' lang='grc' dir='ltr'><strong><em>χαλκοῦ</em></strong></span> <span class='ocrx_word' id='word_1_181' title='bbox 793 2590 876 2619; x_wconf 79' lang='grc' dir='ltr'><strong>πε-</strong></span> 
     </span>
     <span class='ocr_line' id='line_1_42' title="bbox 107 2627 768 2690; baseline 0 -13"><span class='ocrx_word' id='word_1_182' title='bbox 107 2633 366 2690; x_wconf 83' lang='grc' dir='ltr'><strong><em>ποιημένον</em></strong></span> <span class='ocrx_word' id='word_1_183' title='bbox 396 2627 426 2688; x_wconf 79' lang='grc' dir='ltr'>ἢ</span> <span class='ocrx_word' id='word_1_184' title='bbox 460 2628 513 2676; x_wconf 75' lang='grc' dir='ltr'><strong>ἐκ</strong></span> <span class='ocrx_word' id='word_1_185' title='bbox 544 2631 768 2690; x_wconf 78' lang='grc' dir='ltr'><strong><em>κέρατος).</em></strong></span> 
     </span>
     <span class='ocr_line' id='line_1_43' title="bbox 79 2691 876 2749; baseline -0.001 -12"><span class='ocrx_word' id='word_1_186' title='bbox 79 2691 309 2737; x_wconf 81' lang='lat' dir='ltr'><strong>avellana</strong></span> <span class='ocrx_word' id='word_1_187' title='bbox 318 2692 436 2749; x_wconf 76' lang='grc'>(8169</span> <span class='ocrx_word' id='word_1_188' title='bbox 446 2695 503 2734; x_wconf 89' lang='lat'><strong>34</strong></span> <span class='ocrx_word' id='word_1_189' title='bbox 511 2694 587 2737; x_wconf 86' lang='lat' dir='ltr'><strong>etc.</strong></span> <span class='ocrx_word' id='word_1_190' title='bbox 592 2693 630 2747; x_wconf 92' lang='lat'><strong>):</strong></span> <span class='ocrx_word' id='word_1_191' title='bbox 647 2705 876 2736; x_wconf 89' lang='lat' dir='ltr'><strong>venenum</strong></span> 
     </span>
     <span class='ocr_line' id='line_1_44' title="bbox 110 2751 511 2796; baseline 0 -1"><span class='ocrx_word' id='word_1_192' title='bbox 110 2751 168 2796; x_wconf 85' lang='lat' dir='ltr'><strong>ad</strong></span> <span class='ocrx_word' id='word_1_193' title='bbox 202 2765 248 2796; x_wconf 90' lang='lat' dir='ltr'><strong>se</strong></span> <span class='ocrx_word' id='word_1_194' title='bbox 281 2751 411 2795; x_wconf 87' lang='lat' dir='ltr'><strong>ducit</strong></span> <span class='ocrx_word' id='word_1_195' title='bbox 442 2755 511 2795; x_wconf 87' lang='grc'><strong>68.</strong></span> 
     </span>
     <span class='ocr_line' id='line_1_45' title="bbox 79 2809 875 2868; baseline -0.001 -14"><span class='ocrx_word' id='word_1_196' title='bbox 79 2809 229 2856; x_wconf 69' lang='lat' dir='ltr'><strong>bacae</strong></span> <span class='ocrx_word' id='word_1_197' title='bbox 261 2811 406 2854; x_wconf 89' lang='lat' dir='ltr'><strong>bacca</strong></span> <span class='ocrx_word' id='word_1_198' title='bbox 429 2809 657 2854; x_wconf 77' lang='lat' dir='ltr'><strong>interdum</strong></span> <span class='ocrx_word' id='word_1_199' title='bbox 686 2810 821 2854; x_wconf 82' lang='lat' dir='ltr'><strong>etiam</strong></span> <span class='ocrx_word' id='word_1_200' title='bbox 845 2824 875 2868; x_wconf 81' lang='lat'><em>9</em></span> 
     </span>
    </p>
   </div>
   <div class='ocr_carea' id='block_1_6' title="bbox 168 2891 837 2926">
    <p class='ocr_par' dir='ltr' id='par_1_7' title="bbox 168 2891 837 2926">
     <span class='ocr_line' id='line_1_46' title="bbox 168 2891 837 2926; baseline 0 -2"><span class='ocrx_word' id='word_1_201' title='bbox 168 2892 367 2926; x_wconf 81' lang='lat' dir='ltr'><strong>Cassius</strong></span> <span class='ocrx_word' id='word_1_202' title='bbox 391 2892 533 2924; x_wconf 79' lang='lat' dir='ltr'><strong>Felix</strong></span> <span class='ocrx_word' id='word_1_203' title='bbox 576 2891 633 2924; x_wconf 83' lang='lat' dir='ltr'><strong>ed.</strong></span> <span class='ocrx_word' id='word_1_204' title='bbox 656 2892 702 2926; x_wconf 84' lang='lat' dir='ltr'><strong>V.</strong></span> <span class='ocrx_word' id='word_1_205' title='bbox 726 2892 837 2925; x_wconf 71' lang='lat' dir='ltr'><strong>Bone.</strong></span> 
     </span>
    </p>
   </div>
   <div class='ocr_carea' id='block_1_7' title="bbox 977 218 1784 1277">
    <p class='ocr_par' dir='ltr' id='par_1_8' title="bbox 977 218 1784 1276">
     <span class='ocr_line' id='line_1_47' title="bbox 1011 218 1782 275; baseline 0.001 -12"><span class='ocrx_word' id='word_1_206' title='bbox 1011 220 1055 274; x_wconf 91' lang='grc'><strong>(2</strong></span> <span class='ocrx_word' id='word_1_207' title='bbox 1085 219 1166 263; x_wconf 82' lang='lat' dir='ltr'><strong>bis.</strong></span> <span class='ocrx_word' id='word_1_208' title='bbox 1214 219 1302 275; x_wconf 87' lang='grc'>13),</span> <span class='ocrx_word' id='word_1_209' title='bbox 1327 222 1379 263; x_wconf 78' lang='lat' dir='ltr'><strong>ut</strong></span> <span class='ocrx_word' id='word_1_210' title='bbox 1402 218 1622 263; x_wconf 86' lang='lat' dir='ltr'><strong>bacarum</strong></span> <span class='ocrx_word' id='word_1_211' title='bbox 1644 220 1782 264; x_wconf 81' lang='lat' dir='ltr'><strong>etiam</strong></span> 
     </span>
     <span class='ocr_line' id='line_1_48' title="bbox 1010 281 1588 333; baseline 0.002 -12"><span class='ocrx_word' id='word_1_212' title='bbox 1010 290 1065 333; x_wconf 82' lang='lat' dir='ltr'><strong>ep</strong></span> <span class='ocrx_word' id='word_1_213' title='bbox 1097 281 1175 332; x_wconf 87' lang='grc'><strong>42,</strong></span> <span class='ocrx_word' id='word_1_214' title='bbox 1209 290 1233 322; x_wconf 86' lang='grc'><strong>6</strong></span> <span class='ocrx_word' id='word_1_215' title='bbox 1263 282 1335 333; x_wconf 84' lang='grc'><strong>49,</strong></span> <span class='ocrx_word' id='word_1_216' title='bbox 1368 291 1392 322; x_wconf 88' lang='grc'><strong>6</strong></span> <span class='ocrx_word' id='word_1_217' title='bbox 1424 282 1478 322; x_wconf 79' lang='grc'><strong>76</strong></span> <span class='ocrx_word' id='word_1_218' title='bbox 1510 282 1588 323; x_wconf 85' lang='lat' dir='ltr'><strong>etc.</strong></span> 
     </span>
     <span class='ocr_line' id='line_1_49' title="bbox 979 335 1784 394; baseline 0.002 -14"><span class='ocrx_word' id='word_1_219' title='bbox 979 335 1236 381; x_wconf 72' lang='lat' dir='ltr'><strong>baiularet</strong></span> <span class='ocrx_word' id='word_1_220' title='bbox 1263 335 1302 380; x_wconf 87' lang='lat' dir='ltr'><strong>si</strong></span> <span class='ocrx_word' id='word_1_221' title='bbox 1318 335 1421 391; x_wconf 88' lang='lat' dir='ltr'><strong>quis</strong></span> <span class='ocrx_word' id='word_1_222' title='bbox 1438 337 1620 393; x_wconf 88' lang='lat' dir='ltr'><strong>pondus</strong></span> <span class='ocrx_word' id='word_1_223' title='bbox 1640 350 1784 394; x_wconf 84' lang='lat' dir='ltr'><strong>grave</strong></span> 
     </span>
     <span class='ocr_line' id='line_1_50' title="bbox 1009 395 1393 440; baseline 0.003 -2"><span class='ocrx_word' id='word_1_224' title='bbox 1009 395 1292 440; x_wconf 85' lang='lat' dir='ltr'><strong>baiulaverit</strong></span> <span class='ocrx_word' id='word_1_225' title='bbox 1323 399 1393 439; x_wconf 92' lang='lat'><strong>66.</strong></span> 
     </span>
     <span class='ocr_line' id='line_1_51' title="bbox 979 453 1782 510; baseline 0.001 -12"><span class='ocrx_word' id='word_1_226' title='bbox 979 453 1195 499; x_wconf 77' lang='lat' dir='ltr'><strong>balanis.</strong></span> <span class='ocrx_word' id='word_1_227' title='bbox 1216 453 1402 498; x_wconf 86' lang='lat' dir='ltr'><strong>iniectis</strong></span> <span class='ocrx_word' id='word_1_228' title='bbox 1443 456 1671 510; x_wconf 38' lang='lat' dir='ltr'><strong>&amp;ventrem</strong></span> <span class='ocrx_word' id='word_1_229' title='bbox 1702 455 1782 499; x_wconf 91' lang='lat' dir='ltr'><strong>de-</strong></span> 
     </span>
     <span class='ocr_line' id='line_1_52' title="bbox 1008 513 1303 570; baseline 0.003 -14"><span class='ocrx_word' id='word_1_230' title='bbox 1008 513 1200 570; x_wconf 88' lang='lat' dir='ltr'><strong>ponere)</strong></span> <span class='ocrx_word' id='word_1_231' title='bbox 1233 518 1303 558; x_wconf 80' lang='lat'><strong>71.</strong></span> 
     </span>
     <span class='ocr_line' id='line_1_53' title="bbox 978 568 1782 628; baseline 0 -12"><span class='ocrx_word' id='word_1_232' title='bbox 978 571 1221 617; x_wconf 76' lang='lat' dir='ltr'><strong>balaustii</strong></span> <span class='ocrx_word' id='word_1_233' title='bbox 1265 572 1316 615; x_wconf 91' lang='lat' dir='ltr'><strong>id</strong></span> <span class='ocrx_word' id='word_1_234' title='bbox 1358 573 1428 616; x_wconf 90' lang='lat' dir='ltr'><strong>est</strong></span> <span class='ocrx_word' id='word_1_235' title='bbox 1466 572 1591 616; x_wconf 87' lang='lat' dir='ltr'><strong>floris</strong></span> <span class='ocrx_word' id='word_1_236' title='bbox 1634 568 1782 628; x_wconf 84' lang='lat' dir='ltr'><strong>&lt;mali</strong></span> 
     </span>
     <span class='ocr_line' id='line_1_54' title="bbox 1008 630 1782 689; baseline 0.001 -15"><span class='ocrx_word' id='word_1_237' title='bbox 1008 630 1195 687; x_wconf 85' lang='lat' dir='ltr'><strong>granati</strong></span> <span class='ocrx_word' id='word_1_238' title='bbox 1234 630 1355 689; x_wconf 79' lang='lat' dir='ltr'><strong>om.)</strong></span> <span class='ocrx_word' id='word_1_239' title='bbox 1394 644 1449 686; x_wconf 77' lang='lat' dir='ltr'><strong>cp</strong></span> <span class='ocrx_word' id='word_1_240' title='bbox 1481 636 1538 676; x_wconf 85' lang='lat'><strong>48</strong></span> <span class='ocrx_word' id='word_1_241' title='bbox 1572 632 1782 688; x_wconf 72' lang='lat' dir='ltr'><strong>(quorum</strong></span> 
     </span>
     <span class='ocr_line' id='line_1_55' title="bbox 1008 690 1781 745; baseline 0.003 -12"><span class='ocrx_word' id='word_1_242' title='bbox 1008 690 1134 735; x_wconf 81' lang='lat' dir='ltr'><strong>codd.</strong></span> <span class='ocrx_word' id='word_1_243' title='bbox 1212 693 1473 745; x_wconf 66' lang='lat' dir='ltr'><strong>corruptam</strong></span> <span class='ocrx_word' id='word_1_244' title='bbox 1550 690 1781 735; x_wconf 75' lang='lat' dir='ltr'><strong>lectionem</strong></span> 
     </span>
     <span class='ocr_line' id='line_1_56' title="bbox 1006 747 1779 864; baseline 0.001 -72"><span class='ocrx_word' id='word_1_245' title='bbox 1006 750 1211 864; x_wconf 57' lang='grc' dir='ltr'><strong><em>ῗεᾳαῖζαζ</em></strong></span> <span class='ocrx_word' id='word_1_246' title='bbox 1247 749 1384 793; x_wconf 81' lang='lat' dir='ltr'><strong>etiam</strong></span> <span class='ocrx_word' id='word_1_247' title='bbox 1422 747 1584 794; x_wconf 72' lang='lat' dir='ltr'><strong>Simon</strong></span> <span class='ocrx_word' id='word_1_248' title='bbox 1620 762 1655 793; x_wconf 84' lang='lat' dir='ltr'><strong>s.</strong></span> <span class='ocrx_word' id='word_1_249' title='bbox 1699 748 1779 793; x_wconf 87' lang='lat' dir='ltr'><strong>ba-</strong></span> 
     </span>
     <span class='ocr_line' id='line_1_57' title="bbox 1026 821 1213 852; baseline 0 -1"><span class='ocrx_word' id='word_1_250' title='bbox 1026 821 1111 851; x_wconf 87' lang='lat' dir='ltr'><strong>aus</strong></span> <span class='ocrx_word' id='word_1_251' title='bbox 1134 821 1182 852; x_wconf 89' lang='grc'><strong>13</strong></span> <span class='ocrx_word' id='word_1_252' title='bbox 1204 842 1213 851; x_wconf 97' lang='grc'><strong>.</strong></span> 
     </span>
     <span class='ocr_line' id='line_1_58' title="bbox 977 865 1780 924; baseline 0 -14"><span class='ocrx_word' id='word_1_253' title='bbox 977 865 1183 911; x_wconf 81' lang='lat' dir='ltr'><strong>balneas</strong></span> <span class='ocrx_word' id='word_1_254' title='bbox 1206 880 1236 924; x_wconf 75' lang='lat'><em>9</em></span> <span class='ocrx_word' id='word_1_255' title='bbox 1268 866 1525 922; x_wconf 85' lang='lat' dir='ltr'><strong>(balneum,</strong></span> <span class='ocrx_word' id='word_1_256' title='bbox 1562 869 1615 910; x_wconf 79' lang='lat' dir='ltr'><strong>ut</strong></span> <span class='ocrx_word' id='word_1_257' title='bbox 1650 866 1780 921; x_wconf 77' lang='lat' dir='ltr'><strong>alibi,</strong></span> 
     </span>
     <span class='ocr_line' id='line_1_59' title="bbox 977 926 1779 1052; baseline -0.001 -24"><span class='ocrx_word' id='word_1_258' title='bbox 977 926 1201 1052; x_wconf 37' lang='lat' dir='ltr'><strong>bffsioss‘qt</strong></span> <span class='ocrx_word' id='word_1_259' title='bbox 1220 998 1327 1028; x_wconf 88' lang='lat' dir='ltr'><strong>cum</strong></span> <span class='ocrx_word' id='word_1_260' title='bbox 1336 984 1588 1051; x_wconf 76' lang='lat' dir='ltr'><strong>augmento</strong></span> <span class='ocrx_word' id='word_1_261' title='bbox 1599 983 1779 1029; x_wconf 88' lang='lat' dir='ltr'><strong>dierum</strong></span> 
     </span>
     <span class='ocr_line' id='line_1_60' title="bbox 1008 1042 1775 1100; baseline 0.001 -13"><span class='ocrx_word' id='word_1_262' title='bbox 1008 1044 1240 1088; x_wconf 86' lang='lat' dir='ltr'><strong>crevennt</strong></span> <span class='ocrx_word' id='word_1_263' title='bbox 1272 1042 1577 1100; x_wconf 87' lang='lat' dir='ltr'><strong>(carbuncuh)</strong></span> <span class='ocrx_word' id='word_1_264' title='bbox 1615 1058 1775 1100; x_wconf 86' lang='lat' dir='ltr'><strong>quem·</strong></span> 
     </span>
     <span class='ocr_line' id='line_1_61' title="bbox 1007 1102 1780 1147; baseline 0 -1"><span class='ocrx_word' id='word_1_265' title='bbox 1007 1102 1258 1147; x_wconf 85' lang='lat' dir='ltr'><strong>admodum</strong></span> <span class='ocrx_word' id='word_1_266' title='bbox 1279 1103 1404 1146; x_wconf 86' lang='lat' dir='ltr'><strong>intra</strong></span> <span class='ocrx_word' id='word_1_267' title='bbox 1425 1102 1624 1146; x_wconf 89' lang='lat' dir='ltr'><strong>formam</strong></span> <span class='ocrx_word' id='word_1_268' title='bbox 1647 1117 1780 1146; x_wconf 88' lang='lat' dir='ltr'><strong>suam</strong></span> 
     </span>
     <span class='ocr_line' id='line_1_62' title="bbox 1004 1161 1778 1218; baseline 0 -13"><span class='ocrx_word' id='word_1_269' title='bbox 1004 1161 1129 1205; x_wconf 88' lang='lat' dir='ltr'><strong>basis</strong></span> <span class='ocrx_word' id='word_1_270' title='bbox 1177 1162 1259 1217; x_wconf 86' lang='lat' dir='ltr'><strong>(sic</strong></span> <span class='ocrx_word' id='word_1_271' title='bbox 1303 1163 1404 1218; x_wconf 74' lang='lat' dir='ltr'><strong>ycp)</strong></span> <span class='ocrx_word' id='word_1_272' title='bbox 1451 1165 1522 1205; x_wconf 87' lang='grc'><strong>22.</strong></span> <span class='ocrx_word' id='word_1_273' title='bbox 1573 1187 1628 1193; x_wconf 89' lang='grc'><strong>-</strong></span> <span class='ocrx_word' id='word_1_274' title='bbox 1675 1161 1778 1205; x_wconf 87' lang='lat' dir='ltr'><strong>basi</strong></span> 
     </span>
     <span class='ocr_line' id='line_1_63' title="bbox 1006 1219 1774 1277; baseline 0 -13"><span class='ocrx_word' id='word_1_275' title='bbox 1006 1220 1128 1275; x_wconf 74' lang='lat' dir='ltr'><strong>(basi</strong></span> <span class='ocrx_word' id='word_1_276' title='bbox 1135 1234 1186 1277; x_wconf 78' lang='lat' dir='ltr'><strong>p,</strong></span> <span class='ocrx_word' id='word_1_277' title='bbox 1203 1220 1339 1264; x_wconf 90' lang='lat' dir='ltr'><strong>basin</strong></span> <span class='ocrx_word' id='word_1_278' title='bbox 1352 1222 1392 1276; x_wconf 94' lang='grc'><strong>6)</strong></span> <span class='ocrx_word' id='word_1_279' title='bbox 1401 1233 1491 1276; x_wconf 73' lang='lat' dir='ltr'><strong>pro</strong></span> <span class='ocrx_word' id='word_1_280' title='bbox 1508 1219 1688 1264; x_wconf 86' lang='lat' dir='ltr'><strong>embasi</strong></span> <span class='ocrx_word' id='word_1_281' title='bbox 1705 1225 1774 1265; x_wconf 92' lang='lat'><strong>66.</strong></span> 
     </span>
    </p>
   </div>
   <div class='ocr_carea' id='block_1_8' title="bbox 969 1289 1778 2072">
    <p class='ocr_par' dir='ltr' id='par_1_9' title="bbox 974 1289 1777 1645">
     <span class='ocr_line' id='line_1_64' title="bbox 974 1289 1714 1349; baseline -0.003 -12"><span class='ocrx_word' id='word_1_282' title='bbox 974 1292 1148 1337; x_wconf 80' lang='lat' dir='ltr'><strong>belua.</strong></span> <span class='ocrx_word' id='word_1_283' title='bbox 1175 1293 1240 1337; x_wconf 87' lang='lat' dir='ltr'><strong>fel</strong></span> <span class='ocrx_word' id='word_1_284' title='bbox 1265 1293 1432 1338; x_wconf 83' lang='lat' dir='ltr'><strong>beluae</strong></span> <span class='ocrx_word' id='word_1_285' title='bbox 1450 1294 1498 1349; x_wconf 82' lang='lat' dir='ltr'><strong>(i.</strong></span> <span class='ocrx_word' id='word_1_286' title='bbox 1515 1289 1714 1348; x_wconf 81' lang='grc' dir='ltr'><strong>ὑαίνης.</strong></span> 
     </span>
     <span class='ocr_line' id='line_1_65' title="bbox 1002 1348 1778 1408; baseline 0 -12"><span class='ocrx_word' id='word_1_287' title='bbox 1002 1349 1118 1408; x_wconf 82' lang='grc' dir='ltr'><em>πρὸς</em></span> <span class='ocrx_word' id='word_1_288' title='bbox 1157 1348 1440 1406; x_wconf 82' lang='grc' dir='ltr'><strong><em>ὄξυδερκίαν</em></strong></span> <span class='ocrx_word' id='word_1_289' title='bbox 1482 1351 1585 1396; x_wconf 77' lang='lat' dir='ltr'><strong>Gal.</strong></span> <span class='ocrx_word' id='word_1_290' title='bbox 1627 1325 1778 1406; x_wconf 92' lang='lat' dir='ltr'><strong><em>XIV,</em></strong></span> 
     </span>
     <span class='ocr_line' id='line_1_66' title="bbox 1002 1386 1778 1526; baseline 0 -12"><span class='ocrx_word' id='word_1_291' title='bbox 1002 1414 1110 1526; x_wconf 53' lang='lat'><strong>522</strong></span> <span class='ocrx_word' id='word_1_292' title='bbox 1138 1412 1379 1517; x_wconf 61' lang='grc' dir='ltr'><strong>8-Χῆ</strong></span> <span class='ocrx_word' id='word_1_293' title='bbox 1393 1414 1537 1517; x_wconf 65' lang='lat'><strong>13...</strong></span> <span class='ocrx_word' id='word_1_294' title='bbox 1503 1409 1699 1526; x_wconf 57' lang='grc'>26.</span> <span class='ocrx_word' id='word_1_295' title='bbox 1720 1386 1778 1502; x_wconf 73' lang='lat'><strong>1⁷}</strong></span> 
     </span>
     <span class='ocr_line' id='line_1_67' title="bbox 1004 1528 1777 1584; baseline -0.001 -10"><span class='ocrx_word' id='word_1_296' title='bbox 1004 1529 1062 1584; x_wconf 78' lang='lat' dir='ltr'><strong>cf.</strong></span> <span class='ocrx_word' id='word_1_297' title='bbox 1112 1528 1231 1574; x_wconf 81' lang='lat' dir='ltr'><strong>Cael.</strong></span> <span class='ocrx_word' id='word_1_298' title='bbox 1276 1541 1349 1574; x_wconf 75' lang='lat' dir='ltr'><strong>ooe.</strong></span> <span class='ocrx_word' id='word_1_299' title='bbox 1398 1533 1450 1583; x_wconf 85' lang='lat'><strong>3,</strong></span> <span class='ocrx_word' id='word_1_300' title='bbox 1495 1533 1555 1574; x_wconf 88' lang='lat'><strong>13</strong></span> <span class='ocrx_word' id='word_1_301' title='bbox 1609 1529 1777 1574; x_wconf 89' lang='lat' dir='ltr'><strong>beluae</strong></span> 
     </span>
     <span class='ocr_line' id='line_1_68' title="bbox 1003 1587 1488 1645; baseline 0.004 -14"><span class='ocrx_word' id='word_1_302' title='bbox 1003 1587 1130 1644; x_wconf 87' lang='lat' dir='ltr'><strong>pelle</strong></span> <span class='ocrx_word' id='word_1_303' title='bbox 1164 1589 1212 1645; x_wconf 80' lang='grc' dir='ltr'><strong>(ι’.</strong></span> <span class='ocrx_word' id='word_1_304' title='bbox 1246 1588 1488 1644; x_wconf 85' lang='lat' dir='ltr'><strong>hyaenae).</strong></span> 
     </span>
    </p>

    <p class='ocr_par' dir='ltr' id='par_1_10' title="bbox 969 1660 1776 2072">
     <span class='ocr_line' id='line_1_69' title="bbox 972 1660 1776 1719; baseline 0.001 -14"><span class='ocrx_word' id='word_1_305' title='bbox 972 1660 1206 1706; x_wconf 81' lang='lat' dir='ltr'><strong>betonica</strong></span> <span class='ocrx_word' id='word_1_306' title='bbox 1221 1674 1277 1718; x_wconf 76' lang='lat' dir='ltr'><strong>cp</strong></span> <span class='ocrx_word' id='word_1_307' title='bbox 1293 1666 1363 1705; x_wconf 88' lang='lat'><strong>43.</strong></span> <span class='ocrx_word' id='word_1_308' title='bbox 1396 1661 1613 1706; x_wconf 88' lang='lat' dir='ltr'><strong>betonice</strong></span> <span class='ocrx_word' id='word_1_309' title='bbox 1632 1675 1776 1719; x_wconf 86' lang='lat' dir='ltr'><strong>spane</strong></span> 
     </span>
     <span class='ocr_line' id='line_1_70' title="bbox 1003 1720 1771 1777; baseline 0.001 -13"><span class='ocrx_word' id='word_1_310' title='bbox 1003 1733 1027 1764; x_wconf 91' lang='lat' dir='ltr'><strong>c</strong></span> <span class='ocrx_word' id='word_1_311' title='bbox 1057 1724 1114 1764; x_wconf 84' lang='lat'><strong>45</strong></span> <span class='ocrx_word' id='word_1_312' title='bbox 1148 1720 1248 1777; x_wconf 78' lang='lat' dir='ltr'><strong>(ubi</strong></span> <span class='ocrx_word' id='word_1_313' title='bbox 1285 1733 1428 1777; x_wconf 91' lang='lat' dir='ltr'><strong>spane</strong></span> <span class='ocrx_word' id='word_1_314' title='bbox 1467 1733 1550 1764; x_wconf 85' lang='lat' dir='ltr'><strong>om.</strong></span> <span class='ocrx_word' id='word_1_315' title='bbox 1582 1722 1649 1777; x_wconf 76' lang='lat' dir='ltr'><strong>p).</strong></span> <span class='ocrx_word' id='word_1_316' title='bbox 1715 1721 1771 1776; x_wconf 80' lang='lat' dir='ltr'><strong>cf.</strong></span> 
     </span>
     <span class='ocr_line' id='line_1_71' title="bbox 1005 1778 1774 1834; baseline 0.001 -12"><span class='ocrx_word' id='word_1_317' title='bbox 1005 1778 1133 1823; x_wconf 76' lang='lat' dir='ltr'><strong>Plin.</strong></span> <span class='ocrx_word' id='word_1_318' title='bbox 1189 1782 1276 1834; x_wconf 79' lang='lat'><strong>25,</strong></span> <span class='ocrx_word' id='word_1_319' title='bbox 1325 1783 1387 1824; x_wconf 80' lang='grc'><strong>84</strong></span> <span class='ocrx_word' id='word_1_320' title='bbox 1446 1779 1670 1825; x_wconf 75' lang='lat' dir='ltr'><strong>Vettones</strong></span> <span class='ocrx_word' id='word_1_321' title='bbox 1724 1780 1774 1823; x_wconf 87' lang='lat' dir='ltr'><strong>in</strong></span> 
     </span>
     <span class='ocr_line' id='line_1_72' title="bbox 1000 1837 1776 1894; baseline 0.001 -13"><span class='ocrx_word' id='word_1_322' title='bbox 1000 1837 1230 1894; x_wconf 85' lang='lat' dir='ltr'><strong>Hispania</strong></span> <span class='ocrx_word' id='word_1_323' title='bbox 1297 1838 1607 1894; x_wconf 89' lang='lat' dir='ltr'><strong>(invenerunt)</strong></span> <span class='ocrx_word' id='word_1_324' title='bbox 1671 1852 1776 1884; x_wconf 83' lang='lat' dir='ltr'><strong>eam</strong></span> 
     </span>
     <span class='ocr_line' id='line_1_73' title="bbox 1003 1896 1772 1964; baseline 0.001 -24"><span class='ocrx_word' id='word_1_325' title='bbox 1003 1910 1125 1964; x_wconf 81' lang='lat' dir='ltr'><strong>quae</strong></span> <span class='ocrx_word' id='word_1_326' title='bbox 1177 1897 1431 1947; x_wconf 78' lang='lat' dir='ltr'><strong>¹vettonica</strong></span> <span class='ocrx_word' id='word_1_327' title='bbox 1492 1896 1661 1942; x_wconf 83' lang='lat' dir='ltr'><strong>dicitur</strong></span> <span class='ocrx_word' id='word_1_328' title='bbox 1722 1897 1772 1941; x_wconf 90' lang='lat' dir='ltr'><strong>in</strong></span> 
     </span>
     <span class='ocr_line' id='line_1_74' title="bbox 969 1955 1652 2072; baseline 0 -14"><span class='ocrx_word' id='word_1_329' title='bbox 969 1955 1222 2071; x_wconf 44' lang='lat' dir='ltr'><strong>bgzlssliatils</strong></span> <span class='ocrx_word' id='word_1_330' title='bbox 1258 2014 1550 2072; x_wconf 80' lang='grc' dir='ltr'><strong><em>(δικέφαλος)</em></strong></span> <span class='ocrx_word' id='word_1_331' title='bbox 1583 2019 1652 2059; x_wconf 83' lang='grc'><strong>35.</strong></span> 
     </span>
    </p>
   </div>
   <div class='ocr_carea' id='block_1_9' title="bbox 966 2087 1773 2928">
    <p class='ocr_par' dir='ltr' id='par_1_11' title="bbox 966 2087 1773 2928">
     <span class='ocr_line' id='line_1_75' title="bbox 968 2087 1773 2146; baseline 0 -14"><span class='ocrx_word' id='word_1_332' title='bbox 968 2087 1152 2133; x_wconf 80' lang='lat' dir='ltr'><strong>blando</strong></span> <span class='ocrx_word' id='word_1_333' title='bbox 1178 2089 1223 2146; x_wconf 90' lang='lat' dir='ltr'><strong>(i.</strong></span> <span class='ocrx_word' id='word_1_334' title='bbox 1248 2089 1343 2134; x_wconf 90' lang='lat' dir='ltr'><strong>leni</strong></span> <span class='ocrx_word' id='word_1_335' title='bbox 1366 2089 1472 2134; x_wconf 78' lang='lat' dir='ltr'><strong>add.</strong></span> <span class='ocrx_word' id='word_1_336' title='bbox 1490 2090 1548 2145; x_wconf 77' lang='lat' dir='ltr'><strong>p)</strong></span> <span class='ocrx_word' id='word_1_337' title='bbox 1576 2088 1773 2145; x_wconf 82' lang='lat' dir='ltr'><strong>clystere</strong></span> 
     </span>
     <span class='ocr_line' id='line_1_76' title="bbox 998 2147 1773 2204; baseline -0.003 -12"><span class='ocrx_word' id='word_1_338' title='bbox 998 2161 1053 2204; x_wconf 82' lang='lat' dir='ltr'><strong>9c</strong></span> <span class='ocrx_word' id='word_1_339' title='bbox 1077 2153 1147 2192; x_wconf 87' lang='lat'><strong>34.</strong></span> <span class='ocrx_word' id='word_1_340' title='bbox 1195 2149 1251 2203; x_wconf 78' lang='lat' dir='ltr'><strong>cf.</strong></span> <span class='ocrx_word' id='word_1_341' title='bbox 1279 2154 1347 2193; x_wconf 90' lang='lat'><strong>66.</strong></span> <span class='ocrx_word' id='word_1_342' title='bbox 1395 2148 1566 2193; x_wconf 87' lang='lat' dir='ltr'><strong>blande</strong></span> <span class='ocrx_word' id='word_1_343' title='bbox 1591 2147 1773 2192; x_wconf 89' lang='lat' dir='ltr'><strong>embro-</strong></span> 
     </span>
     <span class='ocr_line' id='line_1_77' title="bbox 999 2207 1502 2264; baseline 0.002 -13"><span class='ocrx_word' id='word_1_344' title='bbox 999 2207 1127 2251; x_wconf 86' lang='lat' dir='ltr'><strong>cabis</strong></span> <span class='ocrx_word' id='word_1_345' title='bbox 1159 2211 1216 2251; x_wconf 90' lang='grc'><strong>42</strong></span> <span class='ocrx_word' id='word_1_346' title='bbox 1249 2211 1326 2252; x_wconf 82' lang='lat' dir='ltr'><strong>etc.</strong></span> <span class='ocrx_word' id='word_1_347' title='bbox 1359 2220 1502 2264; x_wconf 80' lang='lat' dir='ltr'><strong>saepe.</strong></span> 
     </span>
     <span class='ocr_line' id='line_1_78' title="bbox 967 2279 1770 2340; baseline 0.001 -16"><span class='ocrx_word' id='word_1_348' title='bbox 967 2279 1365 2336; x_wconf 69' lang='lat' dir='ltr'><strong>breviloquiumz</strong></span> <span class='ocrx_word' id='word_1_349' title='bbox 1449 2281 1770 2340; x_wconf 76' lang='grc' dir='ltr'><strong><em>(βραχυλογία)</em></strong></span> 
     </span>
     <span class='ocr_line' id='line_1_79' title="bbox 988 2340 1766 2396; baseline 0.001 -12"><span class='ocrx_word' id='word_1_350' title='bbox 988 2340 1087 2395; x_wconf 75' lang='lat' dir='ltr'><strong>prs.</strong></span> <span class='ocrx_word' id='word_1_351' title='bbox 1120 2340 1177 2394; x_wconf 79' lang='lat' dir='ltr'><strong>cf.</strong></span> <span class='ocrx_word' id='word_1_352' title='bbox 1205 2353 1240 2385; x_wconf 93' lang='grc'><strong>6.</strong></span> <span class='ocrx_word' id='word_1_353' title='bbox 1266 2345 1310 2393; x_wconf 89' lang='grc'><strong>1,</strong></span> <span class='ocrx_word' id='word_1_354' title='bbox 1340 2340 1422 2384; x_wconf 78' lang='lat' dir='ltr'><strong>ubi</strong></span> <span class='ocrx_word' id='word_1_355' title='bbox 1452 2341 1622 2384; x_wconf 77' lang='lat' dir='ltr'><strong>citatwr</strong></span> <span class='ocrx_word' id='word_1_356' title='bbox 1651 2353 1766 2396; x_wconf 83' lang='lat' dir='ltr'><strong>ypo-</strong></span> 
     </span>
     <span class='ocr_line' id='line_1_80' title="bbox 997 2398 1770 2455; baseline 0 -12"><span class='ocrx_word' id='word_1_357' title='bbox 997 2401 1147 2443; x_wconf 88' lang='lat' dir='ltr'><strong>crates</strong></span> <span class='ocrx_word' id='word_1_358' title='bbox 1173 2431 1182 2440; x_wconf 89' lang='lat'><strong>.</strong></span> <span class='ocrx_word' id='word_1_359' title='bbox 1211 2435 1219 2443; x_wconf 94' lang='lat'><strong>.</strong></span> <span class='ocrx_word' id='word_1_360' title='bbox 1248 2433 1258 2443; x_wconf 92' lang='lat'><strong>.</strong></span> <span class='ocrx_word' id='word_1_361' title='bbox 1283 2399 1333 2442; x_wconf 89' lang='lat' dir='ltr'><strong>in</strong></span> <span class='ocrx_word' id='word_1_362' title='bbox 1354 2398 1601 2453; x_wconf 78' lang='lat' dir='ltr'><strong>aforismiS,</strong></span> <span class='ocrx_word' id='word_1_363' title='bbox 1624 2411 1770 2455; x_wconf 60' lang='lat' dir='ltr'><strong>supra</strong></span> 
     </span>
     <span class='ocr_line' id='line_1_81' title="bbox 993 2457 1768 2514; baseline -0.001 -12"><span class='ocrx_word' id='word_1_364' title='bbox 993 2459 1179 2514; x_wconf 75' lang='lat' dir='ltr'><strong>scripsit</strong></span> <span class='ocrx_word' id='word_1_365' title='bbox 1200 2462 1251 2514; x_wconf 77' lang='lat'><strong>9⁰</strong></span> <span class='ocrx_word' id='word_1_366' title='bbox 1280 2457 1330 2501; x_wconf 86' lang='lat' dir='ltr'><strong>in</strong></span> <span class='ocrx_word' id='word_1_367' title='bbox 1352 2457 1657 2513; x_wconf 84' lang='lat' dir='ltr'><strong>breviloquio.</strong></span> <span class='ocrx_word' id='word_1_368' title='bbox 1709 2458 1768 2512; x_wconf 80' lang='lat' dir='ltr'><strong>cf.</strong></span> 
     </span>
     <span class='ocr_line' id='line_1_82' title="bbox 996 2515 1771 2573; baseline -0.001 -13"><span class='ocrx_word' id='word_1_369' title='bbox 996 2516 1203 2571; x_wconf 71' lang='lat' dir='ltr'><strong>Ro‘nsch,</strong></span> <span class='ocrx_word' id='word_1_370' title='bbox 1243 2517 1308 2561; x_wconf 83' lang='lat' dir='ltr'><strong>It.</strong></span> <span class='ocrx_word' id='word_1_371' title='bbox 1342 2521 1558 2561; x_wconf 88' lang='grc'>216-22</span> <span class='ocrx_word' id='word_1_372' title='bbox 1600 2515 1771 2573; x_wconf 89' lang='lat' dir='ltr'><strong>(longi-</strong></span> 
     </span>
     <span class='ocr_line' id='line_1_83' title="bbox 996 2575 1511 2632; baseline 0.002 -13"><span class='ocrx_word' id='word_1_373' title='bbox 996 2575 1207 2632; x_wconf 87' lang='lat' dir='ltr'><strong>loquium</strong></span> <span class='ocrx_word' id='word_1_374' title='bbox 1239 2576 1367 2620; x_wconf 70' lang='lat' dir='ltr'><strong>Ire‘n.</strong></span> <span class='ocrx_word' id='word_1_375' title='bbox 1399 2577 1511 2632; x_wconf 65' lang='lat' dir='ltr'><strong>eta).</strong></span> 
     </span>
     <span class='ocr_line' id='line_1_84' title="bbox 966 2633 1768 2680; baseline -0.002 -1"><span class='ocrx_word' id='word_1_376' title='bbox 966 2633 1169 2680; x_wconf 76' lang='lat' dir='ltr'><strong>brevis:</strong></span> <span class='ocrx_word' id='word_1_377' title='bbox 1210 2635 1442 2680; x_wconf 83' lang='lat' dir='ltr'><strong>aetatibus</strong></span> <span class='ocrx_word' id='word_1_378' title='bbox 1483 2633 1768 2679; x_wconf 84' lang='lat' dir='ltr'><strong>brevissimis</strong></span> 
     </span>
     <span class='ocr_line' id='line_1_85' title="bbox 997 2692 1770 2739; baseline -0.001 -1"><span class='ocrx_word' id='word_1_379' title='bbox 997 2693 1215 2739; x_wconf 87' lang='lat' dir='ltr'><strong>eveniens</strong></span> <span class='ocrx_word' id='word_1_380' title='bbox 1247 2698 1316 2738; x_wconf 88' lang='grc'>32.</span> <span class='ocrx_word' id='word_1_381' title='bbox 1375 2692 1632 2737; x_wconf 85' lang='lat' dir='ltr'><strong>infantibus</strong></span> <span class='ocrx_word' id='word_1_382' title='bbox 1664 2693 1770 2737; x_wconf 89' lang='lat' dir='ltr'><strong>bre-</strong></span> 
     </span>
     <span class='ocr_line' id='line_1_86' title="bbox 994 2752 1769 2809; baseline -0.003 -12"><span class='ocrx_word' id='word_1_383' title='bbox 994 2752 1195 2797; x_wconf 86' lang='lat' dir='ltr'><strong>vissimis</strong></span> <span class='ocrx_word' id='word_1_384' title='bbox 1228 2757 1283 2797; x_wconf 88' lang='lat'><strong>36</strong></span> <span class='ocrx_word' id='word_1_385' title='bbox 1317 2753 1381 2809; x_wconf 81' lang='lat' dir='ltr'><strong>(et</strong></span> <span class='ocrx_word' id='word_1_386' title='bbox 1402 2752 1614 2797; x_wconf 86' lang='lat' dir='ltr'><strong>novellae</strong></span> <span class='ocrx_word' id='word_1_387' title='bbox 1641 2753 1769 2796; x_wconf 83' lang='lat' dir='ltr'><strong>aeta·</strong></span> 
     </span>
     <span class='ocr_line' id='line_1_87' title="bbox 994 2811 1181 2868; baseline 0.005 -13"><span class='ocrx_word' id='word_1_388' title='bbox 994 2811 1076 2868; x_wconf 85' lang='lat' dir='ltr'><strong>tis)</strong></span> <span class='ocrx_word' id='word_1_389' title='bbox 1113 2816 1181 2856; x_wconf 79' lang='lat'><strong>71.</strong></span> 
     </span>
     <span class='ocr_line' id='line_1_88' title="bbox 1444 2889 1496 2928; baseline 0 0"><span class='ocrx_word' id='word_1_390' title='bbox 1444 2889 1496 2928; x_wconf 88' lang='grc'><strong>15</strong></span> 
     </span>
    </p>
   </div>
  </div>
 </body>
</html>
