<?xml version="1.0" encoding="UTF-8"?>
<!DOCTYPE html PUBLIC "-//W3C//DTD XHTML 1.0 Transitional//EN"
    "http://www.w3.org/TR/xhtml1/DTD/xhtml1-transitional.dtd">
<html xmlns="http://www.w3.org/1999/xhtml" xml:lang="en" lang="en">
 <head>
  <title>
</title>
<meta http-equiv="Content-Type" content="text/html;charset=utf-8" />
  <meta name='ocr-system' content='tesseract 3.04.00' />
  <meta name='ocr-capabilities' content='ocr_page ocr_carea ocr_par ocr_line ocrx_word'/>
</head>
<body>
  <div class='ocr_page' id='page_1' title='image "./demedicinaexgrae00cassuoft_0037.png"; bbox 0 0 2004 3186; ppageno 0'>
   <div class='ocr_carea' id='block_1_1' title="bbox 790 122 1152 175">
    <p class='ocr_par' dir='ltr' id='par_1_1' title="bbox 790 122 1152 175">
     <span class='ocr_line' id='line_1_1' title="bbox 790 122 1152 175; baseline 0 -17"><span class='ocrx_word' id='word_1_1' title='bbox 790 122 1152 175; x_wconf 67' lang='lat'>..23-</span> 
     </span>
    </p>
   </div>
   <div class='ocr_carea' id='block_1_2' title="bbox 628 298 1317 366">
    <p class='ocr_par' dir='ltr' id='par_1_2' title="bbox 628 298 1317 366">
     <span class='ocr_line' id='line_1_2' title="bbox 628 298 1317 366; baseline 0.003 -17"><span class='ocrx_word' id='word_1_2' title='bbox 628 298 748 349; x_wconf 88' lang='lat' dir='ltr'><strong>XVI.</strong></span> <span class='ocrx_word' id='word_1_3' title='bbox 810 299 890 349; x_wconf 80' lang='lat' dir='ltr'>Ad</span> <span class='ocrx_word' id='word_1_4' title='bbox 929 302 1317 366; x_wconf 84' lang='lat' dir='ltr'>pruriginem.</span> 
     </span>
    </p>
   </div>
   <div class='ocr_carea' id='block_1_3' title="bbox 126 403 1814 542">
    <p class='ocr_par' dir='ltr' id='par_1_3' title="bbox 126 403 1814 542">
     <span class='ocr_line' id='line_1_3' title="bbox 273 403 1814 469; baseline -0.001 -14"><span class='ocrx_word' id='word_1_5' title='bbox 273 406 586 469; x_wconf 90' lang='lat' dir='ltr'>Pruriginem</span> <span class='ocrx_word' id='word_1_6' title='bbox 634 418 830 453; x_wconf 90' lang='lat' dir='ltr'>omnem</span> <span class='ocrx_word' id='word_1_7' title='bbox 877 403 1052 453; x_wconf 91' lang='lat' dir='ltr'>Graeci</span> <span class='ocrx_word' id='word_1_8' title='bbox 1098 419 1400 453; x_wconf 90' lang='lat' dir='ltr'>cnesmonen</span> <span class='ocrx_word' id='word_1_9' title='bbox 1453 411 1643 454; x_wconf 88' lang='lat' dir='ltr'>vocant.</span> <span class='ocrx_word' id='word_1_10' title='bbox 1731 420 1814 454; x_wconf 87' lang='lat' dir='ltr'>na-</span> 
     </span>
     <span class='ocr_line' id='line_1_4' title="bbox 126 477 1814 542; baseline -0.001 -11"><span class='ocrx_word' id='word_1_11' title='bbox 126 482 282 531; x_wconf 85' lang='lat' dir='ltr'><strong>scitur</strong></span> <span class='ocrx_word' id='word_1_12' title='bbox 321 495 381 528; x_wconf 87' lang='lat' dir='ltr'>ex</span> <span class='ocrx_word' id='word_1_13' title='bbox 420 477 648 528; x_wconf 82' lang='lat' dir='ltr'>acredine</span> <span class='ocrx_word' id='word_1_14' title='bbox 687 477 967 527; x_wconf 90' lang='lat' dir='ltr'>humorum.</span> <span class='ocrx_word' id='word_1_15' title='bbox 1028 484 1291 542; x_wconf 89' lang='lat' dir='ltr'>propterea</span> <span class='ocrx_word' id='word_1_16' title='bbox 1331 477 1404 526; x_wconf 95' lang='lat' dir='ltr'>lac</span> <span class='ocrx_word' id='word_1_17' title='bbox 1440 480 1686 528; x_wconf 89' lang='lat' dir='ltr'>asininum</span> <span class='ocrx_word' id='word_1_18' title='bbox 1725 495 1814 530; x_wconf 88' lang='lat' dir='ltr'>seu</span> 
     </span>
    </p>
   </div>
   <div class='ocr_carea' id='block_1_4' title="bbox 125 549 1813 618">
    <p class='ocr_par' dir='ltr' id='par_1_4' title="bbox 24 549 1813 618">
     <span class='ocr_line' id='line_1_5' title="bbox 125 549 1813 618; baseline 0.002 -18.774"><span class='ocrx_word' id='word_1_19' title='bbox 125 554 327 605; x_wconf 88' lang='lat' dir='ltr'>ovillum</span> <span class='ocrx_word' id='word_1_20' title='bbox 371 553 537 602; x_wconf 90' lang='lat' dir='ltr'>ieiuno</span> <span class='ocrx_word' id='word_1_21' title='bbox 583 552 724 616; x_wconf 91' lang='lat' dir='ltr'>potui</span> <span class='ocrx_word' id='word_1_22' title='bbox 770 549 910 599; x_wconf 83' lang='lat' dir='ltr'>dabis</span> <span class='ocrx_word' id='word_1_23' title='bbox 957 566 1071 600; x_wconf 90' lang='lat' dir='ltr'>cum</span> <span class='ocrx_word' id='word_1_24' title='bbox 1117 551 1274 600; x_wconf 90' lang='lat' dir='ltr'>melle.</span> <span class='ocrx_word' id='word_1_25' title='bbox 1344 553 1491 601; x_wconf 91' lang='lat' dir='ltr'>etiam</span> <span class='ocrx_word' id='word_1_26' title='bbox 1531 558 1581 601; x_wconf 89' lang='lat' dir='ltr'>et</span> <span class='ocrx_word' id='word_1_27' title='bbox 1631 550 1813 618; x_wconf 81' lang='lat' dir='ltr'>Sapone</span> 
     </span>
    </p>
   </div>
   <div class='ocr_carea' id='block_1_5' title="bbox 37 623 1813 692">
    <p class='ocr_par' dir='ltr' id='par_1_5' title="bbox 37 623 1813 692">
     <span class='ocr_line' id='line_1_6' title="bbox 37 623 1813 692; baseline 0.003 -20"><span class='ocrx_word' id='word_1_28' title='bbox 37 669 42 672; x_wconf 82' lang='lat'>.</span> <span class='ocrx_word' id='word_1_29' title='bbox 123 630 176 678; x_wconf 92' lang='lat' dir='ltr'>in</span> <span class='ocrx_word' id='word_1_30' title='bbox 228 626 404 676; x_wconf 89' lang='lat' dir='ltr'>balneo</span> <span class='ocrx_word' id='word_1_31' title='bbox 456 626 637 690; x_wconf 83' lang='lat' dir='ltr'>uteriS,</span> <span class='ocrx_word' id='word_1_32' title='bbox 690 626 832 674; x_wconf 89' lang='lat' dir='ltr'>cuius</span> <span class='ocrx_word' id='word_1_33' title='bbox 880 625 1124 674; x_wconf 85' lang='lat' dir='ltr'>confectio</span> <span class='ocrx_word' id='word_1_34' title='bbox 1182 623 1293 674; x_wconf 84' lang='lat' dir='ltr'>talis</span> <span class='ocrx_word' id='word_1_35' title='bbox 1348 631 1436 674; x_wconf 88' lang='lat' dir='ltr'>est.</span> <span class='ocrx_word' id='word_1_36' title='bbox 1521 627 1661 692; x_wconf 89' lang='lat' dir='ltr'>nitri,</span> <span class='ocrx_word' id='word_1_37' title='bbox 1716 627 1813 677; x_wconf 90' lang='lat' dir='ltr'>sul-</span> 
     </span>
    </p>
   </div>
   <div class='ocr_carea' id='block_1_6' title="bbox 27 698 1815 841">
    <p class='ocr_par' dir='ltr' id='par_1_6' title="bbox 27 698 1815 841">
     <span class='ocr_line' id='line_1_7' title="bbox 27 698 1815 770; baseline 0 -20"><span class='ocrx_word' id='word_1_38' title='bbox 27 731 36 770; x_wconf 69' lang='lat'>1</span> <span class='ocrx_word' id='word_1_39' title='bbox 123 701 298 767; x_wconf 90' lang='lat' dir='ltr'>phuris</span> <span class='ocrx_word' id='word_1_40' title='bbox 359 700 479 765; x_wconf 87' lang='lat' dir='ltr'>vivi,</span> <span class='ocrx_word' id='word_1_41' title='bbox 540 713 725 747; x_wconf 90' lang='lat' dir='ltr'>nucum</span> <span class='ocrx_word' id='word_1_42' title='bbox 787 698 1058 765; x_wconf 86' lang='lat' dir='ltr'>aridarum,</span> <span class='ocrx_word' id='word_1_43' title='bbox 1120 698 1275 763; x_wconf 83' lang='lat' dir='ltr'>adipis</span> <span class='ocrx_word' id='word_1_44' title='bbox 1339 700 1555 764; x_wconf 90' lang='lat' dir='ltr'>porcini,</span> <span class='ocrx_word' id='word_1_45' title='bbox 1617 703 1815 766; x_wconf 81' lang='lat' dir='ltr'>saponis</span> 
     </span>
     <span class='ocr_line' id='line_1_8' title="bbox 30 770 1815 841; baseline 0 -17"><span class='ocrx_word' id='word_1_46' title='bbox 30 794 42 806; x_wconf 93' lang='lat'>··</span> <span class='ocrx_word' id='word_1_47' title='bbox 123 774 306 841; x_wconf 87' lang='lat' dir='ltr'>gallici,</span> <span class='ocrx_word' id='word_1_48' title='bbox 368 775 466 838; x_wconf 92' lang='lat' dir='ltr'>apii</span> <span class='ocrx_word' id='word_1_49' title='bbox 531 771 702 821; x_wconf 89' lang='lat' dir='ltr'>viridis</span> <span class='ocrx_word' id='word_1_50' title='bbox 755 770 987 821; x_wconf 87' lang='lat' dir='ltr'>foliorum</span> <span class='ocrx_word' id='word_1_51' title='bbox 1040 774 1175 838; x_wconf 91' lang='lat' dir='ltr'>paria</span> <span class='ocrx_word' id='word_1_52' title='bbox 1229 771 1471 837; x_wconf 88' lang='lat' dir='ltr'>pondera:</span> <span class='ocrx_word' id='word_1_53' title='bbox 1536 773 1686 823; x_wconf 90' lang='lat' dir='ltr'>facies</span> <span class='ocrx_word' id='word_1_54' title='bbox 1742 790 1815 824; x_wconf 89' lang='lat' dir='ltr'>sa-</span> 
     </span>
    </p>
   </div>
   <div class='ocr_carea' id='block_1_7' title="bbox 122 844 1814 988">
    <p class='ocr_par' dir='ltr' id='par_1_7' title="bbox 122 844 1814 988">
     <span class='ocr_line' id='line_1_9' title="bbox 122 844 1172 915; baseline -0.003 -17"><span class='ocrx_word' id='word_1_55' title='bbox 122 863 305 915; x_wconf 90' lang='lat' dir='ltr'>ponem</span> <span class='ocrx_word' id='word_1_56' title='bbox 345 853 395 896; x_wconf 88' lang='lat' dir='ltr'>et</span> <span class='ocrx_word' id='word_1_57' title='bbox 433 846 589 896; x_wconf 87' lang='lat' dir='ltr'>uteris</span> <span class='ocrx_word' id='word_1_58' title='bbox 627 847 680 895; x_wconf 90' lang='lat' dir='ltr'>in</span> <span class='ocrx_word' id='word_1_59' title='bbox 717 844 908 895; x_wconf 84' lang='lat' dir='ltr'>lavacro</span> <span class='ocrx_word' id='word_1_60' title='bbox 948 846 1172 895; x_wconf 85' lang='lat' dir='ltr'>ferventi.</span> 
     </span>
     <span class='ocr_line' id='line_1_10' title="bbox 272 919 1814 988; baseline 0 -18"><span class='ocrx_word' id='word_1_61' title='bbox 272 920 403 970; x_wconf 91' lang='lat' dir='ltr'>aliud</span> <span class='ocrx_word' id='word_1_62' title='bbox 457 919 516 968; x_wconf 93' lang='lat' dir='ltr'>ad</span> <span class='ocrx_word' id='word_1_63' title='bbox 571 920 822 984; x_wconf 87' lang='lat' dir='ltr'>pruritum</span> <span class='ocrx_word' id='word_1_64' title='bbox 876 921 1029 969; x_wconf 87' lang='lat' dir='ltr'>totius</span> <span class='ocrx_word' id='word_1_65' title='bbox 1092 921 1329 985; x_wconf 90' lang='lat' dir='ltr'>corporis.</span> <span class='ocrx_word' id='word_1_66' title='bbox 1415 935 1564 986; x_wconf 87' lang='lat' dir='ltr'>cepae</span> <span class='ocrx_word' id='word_1_67' title='bbox 1627 920 1814 988; x_wconf 85' lang='lat' dir='ltr'>sardae,</span> 
     </span>
    </p>
   </div>
   <div class='ocr_carea' id='block_1_8' title="bbox 35 993 1815 1208">
    <p class='ocr_par' dir='ltr' id='par_1_8' title="bbox 35 993 1815 1208">
     <span class='ocr_line' id='line_1_11' title="bbox 35 993 1812 1060; baseline 0.001 -17"><span class='ocrx_word' id='word_1_68' title='bbox 35 1036 42 1043; x_wconf 93' lang='lat'>.</span> <span class='ocrx_word' id='word_1_69' title='bbox 123 1002 289 1046; x_wconf 88' lang='lat' dir='ltr'>cretae</span> <span class='ocrx_word' id='word_1_70' title='bbox 330 993 578 1060; x_wconf 87' lang='lat' dir='ltr'>cimoliae,</span> <span class='ocrx_word' id='word_1_71' title='bbox 627 993 821 1042; x_wconf 82' lang='lat' dir='ltr'>faecum</span> <span class='ocrx_word' id='word_1_72' title='bbox 859 994 960 1042; x_wconf 89' lang='lat' dir='ltr'>vini</span> <span class='ocrx_word' id='word_1_73' title='bbox 1007 1000 1314 1059; x_wconf 86' lang='lat' dir='ltr'>exustarum,</span> <span class='ocrx_word' id='word_1_74' title='bbox 1363 994 1665 1060; x_wconf 81' lang='lat' dir='ltr'>myrobalani</span> <span class='ocrx_word' id='word_1_75' title='bbox 1710 997 1812 1060; x_wconf 91' lang='lat' dir='ltr'>pie-</span> 
     </span>
     <span class='ocr_line' id='line_1_12' title="bbox 38 1067 1815 1134; baseline 0 -15"><span class='ocrx_word' id='word_1_76' title='bbox 38 1097 42 1100; x_wconf 89' lang='lat'>-</span> <span class='ocrx_word' id='word_1_77' title='bbox 123 1076 308 1119; x_wconf 88' lang='lat' dir='ltr'>smatos</span> <span class='ocrx_word' id='word_1_78' title='bbox 354 1067 404 1117; x_wconf 91' lang='lat' dir='ltr'>id</span> <span class='ocrx_word' id='word_1_79' title='bbox 443 1073 520 1117; x_wconf 90' lang='lat' dir='ltr'>est</span> <span class='ocrx_word' id='word_1_80' title='bbox 566 1068 924 1134; x_wconf 82' lang='lat' dir='ltr'>expressioniS,</span> <span class='ocrx_word' id='word_1_81' title='bbox 970 1069 1191 1116; x_wconf 90' lang='lat' dir='ltr'>omnium</span> <span class='ocrx_word' id='word_1_82' title='bbox 1245 1069 1524 1133; x_wconf 87' lang='lat' dir='ltr'>specierum</span> <span class='ocrx_word' id='word_1_83' title='bbox 1581 1075 1815 1134; x_wconf 88' lang='lat' dir='ltr'>quattuor</span> 
     </span>
     <span class='ocr_line' id='line_1_13' title="bbox 35 1140 1205 1208; baseline -0.002 -16"><span class='ocrx_word' id='word_1_84' title='bbox 35 1146 38 1147; x_wconf 70' lang='grc'>’</span> <span class='ocrx_word' id='word_1_85' title='bbox 123 1145 259 1208; x_wconf 91' lang='lat' dir='ltr'>paria</span> <span class='ocrx_word' id='word_1_86' title='bbox 296 1141 516 1208; x_wconf 89' lang='lat' dir='ltr'>pondera</span> <span class='ocrx_word' id='word_1_87' title='bbox 556 1140 900 1190; x_wconf 90' lang='lat' dir='ltr'>commiscebis</span> <span class='ocrx_word' id='word_1_88' title='bbox 940 1147 990 1190; x_wconf 89' lang='lat' dir='ltr'>et</span> <span class='ocrx_word' id='word_1_89' title='bbox 1034 1143 1205 1190; x_wconf 80' lang='lat' dir='ltr'>uteris,</span> 
     </span>
    </p>
   </div>
   <div class='ocr_carea' id='block_1_9' title="bbox 24 1214 1814 1650">
    <p class='ocr_par' dir='ltr' id='par_1_9' title="bbox 24 1214 1814 1650">
     <span class='ocr_line' id='line_1_14' title="bbox 24 1214 1813 1281; baseline 0 -16"><span class='ocrx_word' id='word_1_90' title='bbox 24 1252 29 1254; x_wconf 93' lang='lat'>-</span> <span class='ocrx_word' id='word_1_91' title='bbox 272 1215 402 1265; x_wconf 92' lang='lat' dir='ltr'>aliud</span> <span class='ocrx_word' id='word_1_92' title='bbox 435 1214 493 1263; x_wconf 93' lang='lat' dir='ltr'>ad</span> <span class='ocrx_word' id='word_1_93' title='bbox 527 1215 785 1264; x_wconf 89' lang='lat' dir='ltr'>universos</span> <span class='ocrx_word' id='word_1_94' title='bbox 817 1216 1055 1279; x_wconf 84' lang='lat' dir='ltr'>prurituS.</span> <span class='ocrx_word' id='word_1_95' title='bbox 1112 1216 1154 1264; x_wconf 90' lang='lat' dir='ltr'>si</span> <span class='ocrx_word' id='word_1_96' title='bbox 1178 1230 1294 1264; x_wconf 91' lang='lat' dir='ltr'>vero</span> <span class='ocrx_word' id='word_1_97' title='bbox 1321 1215 1568 1264; x_wconf 86' lang='lat' dir='ltr'>ferventes</span> <span class='ocrx_word' id='word_1_98' title='bbox 1607 1215 1813 1281; x_wconf 91' lang='lat' dir='ltr'>papulae</span> 
     </span>
     <span class='ocr_line' id='line_1_15' title="bbox 30 1287 1813 1356; baseline 0 -18"><span class='ocrx_word' id='word_1_99' title='bbox 30 1302 35 1307; x_wconf 83' lang='grc'><em>·</em></span> <span class='ocrx_word' id='word_1_100' title='bbox 121 1295 479 1356; x_wconf 86' lang='lat' dir='ltr'>prorumpunt,</span> <span class='ocrx_word' id='word_1_101' title='bbox 532 1287 670 1337; x_wconf 84' lang='lat' dir='ltr'>fabae</span> <span class='ocrx_word' id='word_1_102' title='bbox 724 1288 945 1355; x_wconf 81' lang='lat' dir='ltr'>polliniS,</span> <span class='ocrx_word' id='word_1_103' title='bbox 1001 1287 1267 1353; x_wconf 85' lang='lat' dir='ltr'>[ptisanae]</span> <span class='ocrx_word' id='word_1_104' title='bbox 1278 1328 1292 1355; x_wconf 93' lang='lat'>,</span> <span class='ocrx_word' id='word_1_105' title='bbox 1348 1288 1579 1354; x_wconf 83' lang='lat' dir='ltr'>polygoni</span> <span class='ocrx_word' id='word_1_106' title='bbox 1631 1288 1813 1338; x_wconf 88' lang='lat' dir='ltr'>herbae</span> 
     </span>
     <span class='ocr_line' id='line_1_16' title="bbox 122 1362 1814 1428; baseline 0 -16"><span class='ocrx_word' id='word_1_107' title='bbox 122 1363 302 1413; x_wconf 90' lang='lat' dir='ltr'>radicis</span> <span class='ocrx_word' id='word_1_108' title='bbox 342 1364 501 1412; x_wconf 89' lang='lat' dir='ltr'>siccae</span> <span class='ocrx_word' id='word_1_109' title='bbox 540 1368 704 1428; x_wconf 89' lang='lat' dir='ltr'>tusae,</span> <span class='ocrx_word' id='word_1_110' title='bbox 752 1367 916 1411; x_wconf 90' lang='lat' dir='ltr'>cretae</span> <span class='ocrx_word' id='word_1_111' title='bbox 957 1362 1178 1411; x_wconf 91' lang='lat' dir='ltr'>cimoliae</span> <span class='ocrx_word' id='word_1_112' title='bbox 1226 1362 1545 1428; x_wconf 86' lang='lat' dir='ltr'>torrefactae,</span> <span class='ocrx_word' id='word_1_113' title='bbox 1593 1365 1814 1412; x_wconf 91' lang='lat' dir='ltr'>omnium</span> 
     </span>
     <span class='ocr_line' id='line_1_17' title="bbox 121 1435 1813 1503; baseline -0.001 -16"><span class='ocrx_word' id='word_1_114' title='bbox 121 1439 403 1503; x_wconf 89' lang='lat' dir='ltr'>specierum</span> <span class='ocrx_word' id='word_1_115' title='bbox 447 1435 540 1485; x_wconf 89' lang='lat' dir='ltr'>IIII</span> <span class='ocrx_word' id='word_1_116' title='bbox 586 1447 643 1487; x_wconf 51' lang='grc' dir='ltr'>’ἐν</span> <span class='ocrx_word' id='word_1_117' title='bbox 681 1435 845 1503; x_wconf 85' lang='lat' dir='ltr'>binas,</span> <span class='ocrx_word' id='word_1_118' title='bbox 899 1435 1126 1486; x_wconf 88' lang='lat' dir='ltr'>afronitri</span> <span class='ocrx_word' id='word_1_119' title='bbox 1171 1438 1299 1486; x_wconf 88' lang='lat' dir='ltr'>turis</span> <span class='ocrx_word' id='word_1_120' title='bbox 1344 1436 1550 1486; x_wconf 90' lang='lat' dir='ltr'>masculi</span> <span class='ocrx_word' id='word_1_121' title='bbox 1597 1436 1813 1502; x_wconf 90' lang='lat' dir='ltr'>singulas</span> 
     </span>
     <span class='ocr_line' id='line_1_18' title="bbox 122 1509 1812 1576; baseline -0.001 -15"><span class='ocrx_word' id='word_1_122' title='bbox 122 1522 180 1561; x_wconf 46' lang='grc' dir='ltr'>’ἰν</span> <span class='ocrx_word' id='word_1_123' title='bbox 219 1511 462 1561; x_wconf 85' lang='lat' dir='ltr'>conficies</span> <span class='ocrx_word' id='word_1_124' title='bbox 491 1516 540 1560; x_wconf 90' lang='lat' dir='ltr'>et</span> <span class='ocrx_word' id='word_1_125' title='bbox 578 1511 736 1560; x_wconf 89' lang='lat' dir='ltr'>uteris</span> <span class='ocrx_word' id='word_1_126' title='bbox 775 1512 826 1559; x_wconf 92' lang='lat' dir='ltr'>in</span> <span class='ocrx_word' id='word_1_127' title='bbox 866 1509 1055 1559; x_wconf 86' lang='lat' dir='ltr'>balneo.</span> <span class='ocrx_word' id='word_1_128' title='bbox 1119 1511 1332 1575; x_wconf 90' lang='lat' dir='ltr'>accipies</span> <span class='ocrx_word' id='word_1_129' title='bbox 1365 1526 1425 1560; x_wconf 87' lang='lat' dir='ltr'>ex</span> <span class='ocrx_word' id='word_1_130' title='bbox 1462 1512 1570 1576; x_wconf 92' lang='lat' dir='ltr'>ipso</span> <span class='ocrx_word' id='word_1_131' title='bbox 1610 1511 1812 1576; x_wconf 90' lang='lat' dir='ltr'>pulvere</span> 
     </span>
     <span class='ocr_line' id='line_1_19' title="bbox 122 1582 1813 1650; baseline -0.002 -14"><span class='ocrx_word' id='word_1_132' title='bbox 122 1585 452 1635; x_wconf 83' lang='lat' dir='ltr'>sufficientem</span> <span class='ocrx_word' id='word_1_133' title='bbox 499 1584 699 1633; x_wconf 89' lang='lat' dir='ltr'>modum</span> <span class='ocrx_word' id='word_1_134' title='bbox 740 1590 790 1633; x_wconf 91' lang='lat' dir='ltr'>et</span> <span class='ocrx_word' id='word_1_135' title='bbox 828 1599 889 1633; x_wconf 80' lang='lat' dir='ltr'>ex</span> <span class='ocrx_word' id='word_1_136' title='bbox 928 1586 1006 1633; x_wconf 88' lang='lat' dir='ltr'>ovi</span> <span class='ocrx_word' id='word_1_137' title='bbox 1044 1582 1210 1633; x_wconf 87' lang='lat' dir='ltr'>albore</span> <span class='ocrx_word' id='word_1_138' title='bbox 1251 1599 1575 1650; x_wconf 90' lang='lat' dir='ltr'>conspersum</span> <span class='ocrx_word' id='word_1_139' title='bbox 1615 1587 1813 1650; x_wconf 90' lang='lat' dir='ltr'>corpori</span> 
     </span>
    </p>
   </div>
   <div class='ocr_carea' id='block_1_10' title="bbox 119 1828 1815 2417">
    <p class='ocr_par' dir='ltr' id='par_1_10' title="bbox 119 1828 1815 2417">
     <span class='ocr_line' id='line_1_20' title="bbox 241 1828 1811 1886; baseline -0.001 -13"><span class='ocrx_word' id='word_1_140' title='bbox 241 1831 309 1874; x_wconf 77' lang='lat' dir='ltr'>tit.</span> <span class='ocrx_word' id='word_1_141' title='bbox 358 1828 434 1873; x_wconf 88' lang='lat' dir='ltr'>Ad</span> <span class='ocrx_word' id='word_1_142' title='bbox 475 1843 518 1874; x_wconf 85' lang='lat' dir='ltr'>c:</span> <span class='ocrx_word' id='word_1_143' title='bbox 567 1828 741 1873; x_wconf 71' lang='lat' dir='ltr'>Contra</span> <span class='ocrx_word' id='word_1_144' title='bbox 791 1842 842 1885; x_wconf 91' lang='grc' dir='ltr'>Ρ.</span> <span class='ocrx_word' id='word_1_145' title='bbox 1021 1833 1046 1871; x_wconf 82' lang='grc'><strong>2</strong></span> <span class='ocrx_word' id='word_1_146' title='bbox 1091 1841 1296 1872; x_wconf 89' lang='lat' dir='ltr'>omnem:</span> <span class='ocrx_word' id='word_1_147' title='bbox 1346 1841 1504 1873; x_wconf 86' lang='lat' dir='ltr'>omnes</span> <span class='ocrx_word' id='word_1_148' title='bbox 1551 1842 1594 1883; x_wconf 87' lang='lat' dir='ltr'>c,</span> <span class='ocrx_word' id='word_1_149' title='bbox 1638 1842 1720 1873; x_wconf 85' lang='lat' dir='ltr'>om.</span> <span class='ocrx_word' id='word_1_150' title='bbox 1761 1844 1811 1886; x_wconf 91' lang='grc' dir='ltr'>Ρ.</span> 
     </span>
     <span class='ocr_line' id='line_1_21' title="bbox 122 1886 1812 1944; baseline 0.001 -11"><span class='ocrx_word' id='word_1_151' title='bbox 122 1901 422 1933; x_wconf 87' lang='lat' dir='ltr'>cnesmonen:</span> <span class='ocrx_word' id='word_1_152' title='bbox 455 1888 814 1933; x_wconf 80' lang='lat' dir='ltr'>henesmoncam</span> <span class='ocrx_word' id='word_1_153' title='bbox 839 1901 876 1943; x_wconf 84' lang='lat' dir='ltr'>c,</span> <span class='ocrx_word' id='word_1_154' title='bbox 899 1886 1197 1931; x_wconf 88' lang='lat' dir='ltr'>henesionem</span> <span class='ocrx_word' id='word_1_155' title='bbox 1205 1900 1244 1944; x_wconf 89' lang='grc' dir='ltr'><strong>Ρ</strong></span> <span class='ocrx_word' id='word_1_156' title='bbox 1267 1887 1390 1941; x_wconf 77' lang='lat' dir='ltr'>(fort.</span> <span class='ocrx_word' id='word_1_157' title='bbox 1416 1900 1472 1932; x_wconf 78' lang='lat' dir='ltr'>ex</span> <span class='ocrx_word' id='word_1_158' title='bbox 1493 1887 1812 1943; x_wconf 88' lang='lat' dir='ltr'>knesmonen).</span> 
     </span>
     <span class='ocr_line' id='line_1_22' title="bbox 123 1945 1813 2003; baseline -0.001 -11"><span class='ocrx_word' id='word_1_159' title='bbox 123 1953 150 1992; x_wconf 88' lang='lat'><strong>3</strong></span> <span class='ocrx_word' id='word_1_160' title='bbox 184 1961 266 1992; x_wconf 88' lang='lat' dir='ltr'>seu</span> <span class='ocrx_word' id='word_1_161' title='bbox 297 1961 342 1991; x_wconf 85' lang='lat' dir='ltr'>c:</span> <span class='ocrx_word' id='word_1_162' title='bbox 375 1946 470 1991; x_wconf 86' lang='lat' dir='ltr'>sive</span> <span class='ocrx_word' id='word_1_163' title='bbox 494 1960 545 2003; x_wconf 91' lang='grc' dir='ltr'>Ρ.</span> <span class='ocrx_word' id='word_1_164' title='bbox 688 1951 717 1990; x_wconf 89' lang='lat'>4</span> <span class='ocrx_word' id='word_1_165' title='bbox 749 1946 945 1991; x_wconf 85' lang='lat' dir='ltr'>ovillum</span> <span class='ocrx_word' id='word_1_166' title='bbox 977 1960 1019 1990; x_wconf 82' lang='lat' dir='ltr'>c:</span> <span class='ocrx_word' id='word_1_167' title='bbox 1052 1945 1242 1991; x_wconf 86' lang='lat' dir='ltr'>ovinum</span> <span class='ocrx_word' id='word_1_168' title='bbox 1265 1959 1315 2002; x_wconf 91' lang='grc' dir='ltr'>Ρ.</span> <span class='ocrx_word' id='word_1_169' title='bbox 1436 1945 1592 1991; x_wconf 86' lang='lat' dir='ltr'>ieiuno</span> <span class='ocrx_word' id='word_1_170' title='bbox 1624 1947 1813 2003; x_wconf 71' lang='lat' dir='ltr'>potabis</span> 
     </span>
     <span class='ocr_line' id='line_1_23' title="bbox 125 2004 1815 2063; baseline 0 -12"><span class='ocrx_word' id='word_1_171' title='bbox 125 2008 224 2063; x_wconf 81' lang='lat' dir='ltr'>(sic)</span> <span class='ocrx_word' id='word_1_172' title='bbox 257 2020 362 2050; x_wconf 89' lang='lat' dir='ltr'>cum</span> <span class='ocrx_word' id='word_1_173' title='bbox 393 2006 532 2050; x_wconf 90' lang='lat' dir='ltr'>melle</span> <span class='ocrx_word' id='word_1_174' title='bbox 564 2019 610 2049; x_wconf 84' lang='lat' dir='ltr'>c:</span> <span class='ocrx_word' id='word_1_175' title='bbox 650 2020 754 2050; x_wconf 92' lang='lat' dir='ltr'>cum</span> <span class='ocrx_word' id='word_1_176' title='bbox 786 2005 927 2050; x_wconf 91' lang='lat' dir='ltr'>melle</span> <span class='ocrx_word' id='word_1_177' title='bbox 957 2005 1115 2049; x_wconf 89' lang='lat' dir='ltr'>ieiuno</span> <span class='ocrx_word' id='word_1_178' title='bbox 1146 2004 1406 2061; x_wconf 75' lang='lat' dir='ltr'>potandum</span> <span class='ocrx_word' id='word_1_179' title='bbox 1437 2004 1569 2049; x_wconf 83' lang='lat' dir='ltr'>dabis</span> <span class='ocrx_word' id='word_1_180' title='bbox 1594 2019 1643 2061; x_wconf 89' lang='grc' dir='ltr'>Ρ.</span> <span class='ocrx_word' id='word_1_181' title='bbox 1767 2009 1815 2051; x_wconf 72' lang='lat' dir='ltr'>et</span> 
     </span>
     <span class='ocr_line' id='line_1_24' title="bbox 122 2063 1815 2122; baseline 0 -12"><span class='ocrx_word' id='word_1_182' title='bbox 122 2079 206 2110; x_wconf 87' lang='lat' dir='ltr'>om.</span> <span class='ocrx_word' id='word_1_183' title='bbox 231 2079 282 2122; x_wconf 90' lang='grc' dir='ltr'>Ρ.</span> <span class='ocrx_word' id='word_1_184' title='bbox 450 2070 476 2108; x_wconf 86' lang='grc'><strong>6</strong></span> <span class='ocrx_word' id='word_1_185' title='bbox 508 2077 648 2108; x_wconf 87' lang='lat' dir='ltr'>nuces</span> <span class='ocrx_word' id='word_1_186' title='bbox 678 2064 892 2108; x_wconf 80' lang='lat' dir='ltr'>rancidas</span> <span class='ocrx_word' id='word_1_187' title='bbox 924 2065 1039 2108; x_wconf 80' lang='lat' dir='ltr'>dicit</span> <span class='ocrx_word' id='word_1_188' title='bbox 1078 2064 1179 2119; x_wconf 78' lang='lat' dir='ltr'>(ubi</span> <span class='ocrx_word' id='word_1_189' title='bbox 1209 2065 1346 2118; x_wconf 81' lang='lat' dir='ltr'>idem)</span> <span class='ocrx_word' id='word_1_190' title='bbox 1382 2064 1461 2108; x_wconf 83' lang='lat' dir='ltr'>Ps.</span> <span class='ocrx_word' id='word_1_191' title='bbox 1497 2063 1627 2108; x_wconf 74' lang='lat' dir='ltr'>Plin.</span> <span class='ocrx_word' id='word_1_192' title='bbox 1659 2065 1694 2119; x_wconf 77' lang='lat' dir='ltr'>f.</span> <span class='ocrx_word' id='word_1_193' title='bbox 1728 2065 1815 2110; x_wconf 72' lang='lat'>78‘1</span> 
     </span>
     <span class='ocr_line' id='line_1_25' title="bbox 120 2123 1812 2180; baseline 0.001 -12"><span class='ocrx_word' id='word_1_194' title='bbox 120 2124 235 2168; x_wconf 82' lang='lat' dir='ltr'>Bas.</span> <span class='ocrx_word' id='word_1_195' title='bbox 358 2123 545 2180; x_wconf 78' lang='lat' dir='ltr'>saponis</span> <span class='ocrx_word' id='word_1_196' title='bbox 578 2137 621 2180; x_wconf 87' lang='lat' dir='ltr'>g.</span> <span class='ocrx_word' id='word_1_197' title='bbox 656 2123 733 2178; x_wconf 80' lang='lat' dir='ltr'>(cf.</span> <span class='ocrx_word' id='word_1_198' title='bbox 766 2123 866 2168; x_wconf 85' lang='lat' dir='ltr'>Aet.</span> <span class='ocrx_word' id='word_1_199' title='bbox 901 2137 946 2179; x_wconf 84' lang='grc' dir='ltr'>Ρ.</span> <span class='ocrx_word' id='word_1_200' title='bbox 980 2127 1072 2168; x_wconf 77' lang='grc'>821</span> <span class='ocrx_word' id='word_1_201' title='bbox 1105 2123 1192 2178; x_wconf 74' lang='lat' dir='ltr'>inf.</span> <span class='ocrx_word' id='word_1_202' title='bbox 1225 2124 1291 2168; x_wconf 83' lang='lat' dir='ltr'>ed.</span> <span class='ocrx_word' id='word_1_203' title='bbox 1324 2123 1476 2179; x_wconf 74' lang='lat' dir='ltr'>Luyd.</span> <span class='ocrx_word' id='word_1_204' title='bbox 1507 2126 1662 2179; x_wconf 82' lang='lat'><em>1549).</em></span> <span class='ocrx_word' id='word_1_205' title='bbox 1787 2130 1812 2169; x_wconf 80' lang='lat'><strong>7</strong></span> 
     </span>
     <span class='ocr_line' id='line_1_26' title="bbox 119 2182 1811 2240; baseline 0.001 -14"><span class='ocrx_word' id='word_1_206' title='bbox 119 2183 237 2227; x_wconf 87' lang='lat' dir='ltr'>facis</span> <span class='ocrx_word' id='word_1_207' title='bbox 269 2196 337 2240; x_wconf 78' lang='grc' dir='ltr'>οΡ.</span> <span class='ocrx_word' id='word_1_208' title='bbox 488 2187 514 2226; x_wconf 87' lang='grc'>9</span> <span class='ocrx_word' id='word_1_209' title='bbox 547 2196 688 2239; x_wconf 85' lang='lat' dir='ltr'>cepae</span> <span class='ocrx_word' id='word_1_210' title='bbox 723 2183 800 2238; x_wconf 76' lang='lat' dir='ltr'>(cf.</span> <span class='ocrx_word' id='word_1_211' title='bbox 833 2182 957 2228; x_wconf 65' lang='lat' dir='ltr'>Ptin.</span> <span class='ocrx_word' id='word_1_212' title='bbox 991 2187 1072 2237; x_wconf 88' lang='lat'>19,</span> <span class='ocrx_word' id='word_1_213' title='bbox 1111 2186 1198 2226; x_wconf 83' lang='lat'>101</span> <span class='ocrx_word' id='word_1_214' title='bbox 1233 2196 1334 2227; x_wconf 78' lang='lat' dir='ltr'>cum</span> <span class='ocrx_word' id='word_1_215' title='bbox 1363 2186 1451 2236; x_wconf 77' lang='lat'>20,</span> <span class='ocrx_word' id='word_1_216' title='bbox 1482 2185 1582 2238; x_wconf 81' lang='lat'><em>41):</em></span> <span class='ocrx_word' id='word_1_217' title='bbox 1630 2183 1743 2228; x_wconf 87' lang='lat' dir='ltr'>Cere</span> <span class='ocrx_word' id='word_1_218' title='bbox 1775 2198 1811 2239; x_wconf 85' lang='lat' dir='ltr'>c,</span> 
     </span>
     <span class='ocr_line' id='line_1_27' title="bbox 120 2240 1809 2299; baseline 0 -12"><span class='ocrx_word' id='word_1_219' title='bbox 120 2244 244 2287; x_wconf 68' lang='lat' dir='ltr'>berre</span> <span class='ocrx_word' id='word_1_220' title='bbox 262 2255 310 2299; x_wconf 83' lang='lat'>10·</span> <span class='ocrx_word' id='word_1_221' title='bbox 437 2245 490 2285; x_wconf 90' lang='lat'>10</span> <span class='ocrx_word' id='word_1_222' title='bbox 508 2242 683 2286; x_wconf 73' lang='lat' dir='ltr'>cretae:</span> <span class='ocrx_word' id='word_1_223' title='bbox 706 2243 805 2286; x_wconf 69' lang='lat' dir='ltr'>tere</span> <span class='ocrx_word' id='word_1_224' title='bbox 830 2256 867 2297; x_wconf 82' lang='lat' dir='ltr'>c,</span> <span class='ocrx_word' id='word_1_225' title='bbox 890 2243 1012 2286; x_wconf 78' lang='lat' dir='ltr'>terre</span> <span class='ocrx_word' id='word_1_226' title='bbox 1029 2255 1079 2299; x_wconf 92' lang='grc' dir='ltr'>Ρ.</span> <span class='ocrx_word' id='word_1_227' title='bbox 1209 2240 1432 2297; x_wconf 89' lang='lat' dir='ltr'>quimolie</span> <span class='ocrx_word' id='word_1_228' title='bbox 1457 2255 1494 2297; x_wconf 83' lang='lat' dir='ltr'>c,</span> <span class='ocrx_word' id='word_1_229' title='bbox 1519 2241 1743 2298; x_wconf 89' lang='lat' dir='ltr'>quimulie</span> <span class='ocrx_word' id='word_1_230' title='bbox 1759 2257 1809 2299; x_wconf 90' lang='grc' dir='ltr'>Ρ.</span> 
     </span>
     <span class='ocr_line' id='line_1_28' title="bbox 120 2300 1813 2358; baseline 0.001 -12"><span class='ocrx_word' id='word_1_231' title='bbox 120 2301 276 2346; x_wconf 88' lang='lat' dir='ltr'>fecum</span> <span class='ocrx_word' id='word_1_232' title='bbox 312 2334 322 2344; x_wconf 89' lang='lat'><strong>.</strong></span> <span class='ocrx_word' id='word_1_233' title='bbox 358 2337 367 2346; x_wconf 90' lang='lat'>.</span> <span class='ocrx_word' id='word_1_234' title='bbox 402 2301 667 2346; x_wconf 79' lang='lat' dir='ltr'>exustarum</span> <span class='ocrx_word' id='word_1_235' title='bbox 707 2315 751 2346; x_wconf 88' lang='lat' dir='ltr'>c:</span> <span class='ocrx_word' id='word_1_236' title='bbox 799 2300 913 2345; x_wconf 89' lang='lat' dir='ltr'>fecis</span> <span class='ocrx_word' id='word_1_237' title='bbox 947 2333 956 2344; x_wconf 87' lang='lat'><strong>.</strong></span> <span class='ocrx_word' id='word_1_238' title='bbox 992 2338 1001 2347; x_wconf 93' lang='lat'><strong>.</strong></span> <span class='ocrx_word' id='word_1_239' title='bbox 1035 2302 1195 2345; x_wconf 74' lang='lat' dir='ltr'>exuste</span> <span class='ocrx_word' id='word_1_240' title='bbox 1227 2315 1276 2357; x_wconf 94' lang='grc' dir='ltr'>Ρ.</span> <span class='ocrx_word' id='word_1_241' title='bbox 1451 2300 1730 2346; x_wconf 84' lang='lat' dir='ltr'>mirobalani</span> <span class='ocrx_word' id='word_1_242' title='bbox 1775 2316 1813 2358; x_wconf 84' lang='lat' dir='ltr'>c,</span> 
     </span>
     <span class='ocr_line' id='line_1_29' title="bbox 121 2358 1812 2417; baseline 0.001 -13"><span class='ocrx_word' id='word_1_243' title='bbox 121 2358 284 2404; x_wconf 86' lang='lat' dir='ltr'>mirob’</span> <span class='ocrx_word' id='word_1_244' title='bbox 310 2374 361 2417; x_wconf 96' lang='grc' dir='ltr'>Ρ.</span> <span class='ocrx_word' id='word_1_245' title='bbox 536 2364 590 2403; x_wconf 94' lang='grc'>11</span> <span class='ocrx_word' id='word_1_246' title='bbox 625 2360 833 2404; x_wconf 88' lang='lat' dir='ltr'>omnium</span> <span class='ocrx_word' id='word_1_247' title='bbox 864 2373 906 2404; x_wconf 83' lang='lat' dir='ltr'>c:</span> <span class='ocrx_word' id='word_1_248' title='bbox 946 2360 1113 2404; x_wconf 83' lang='lat' dir='ltr'>harum</span> <span class='ocrx_word' id='word_1_249' title='bbox 1144 2373 1195 2416; x_wconf 92' lang='grc' dir='ltr'>Ρ.</span> <span class='ocrx_word' id='word_1_250' title='bbox 1380 2363 1433 2402; x_wconf 82' lang='grc'>12</span> <span class='ocrx_word' id='word_1_251' title='bbox 1466 2361 1736 2405; x_wconf 81' lang='lat' dir='ltr'>commisces</span> <span class='ocrx_word' id='word_1_252' title='bbox 1760 2375 1812 2417; x_wconf 88' lang='grc' dir='ltr'>Ρ,</span> 
     </span>
    </p>
   </div>
   <div class='ocr_carea' id='block_1_11' title="bbox 120 2418 1813 2890">
    <p class='ocr_par' dir='ltr' id='par_1_11' title="bbox 120 2418 1813 2890">
     <span class='ocr_line' id='line_1_30' title="bbox 124 2418 1811 2476; baseline 0.001 -13"><span class='ocrx_word' id='word_1_253' title='bbox 124 2419 247 2463; x_wconf 86' lang='lat' dir='ltr'>—cis</span> <span class='ocrx_word' id='word_1_254' title='bbox 280 2432 315 2464; x_wconf 86' lang='lat' dir='ltr'>c.</span> <span class='ocrx_word' id='word_1_255' title='bbox 470 2423 643 2463; x_wconf 85' lang='grc'>14-16</span> <span class='ocrx_word' id='word_1_256' title='bbox 674 2419 783 2464; x_wconf 83' lang='lat' dir='ltr'>fabe</span> <span class='ocrx_word' id='word_1_257' title='bbox 813 2419 1013 2476; x_wconf 84' lang='lat' dir='ltr'>pollines</span> <span class='ocrx_word' id='word_1_258' title='bbox 1044 2418 1272 2476; x_wconf 88' lang='lat' dir='ltr'>poligomi</span> <span class='ocrx_word' id='word_1_259' title='bbox 1308 2418 1452 2463; x_wconf 87' lang='lat' dir='ltr'>herbe</span> <span class='ocrx_word' id='word_1_260' title='bbox 1482 2419 1660 2464; x_wconf 83' lang='lat' dir='ltr'>radices</span> <span class='ocrx_word' id='word_1_261' title='bbox 1693 2420 1811 2465; x_wconf 90' lang='lat' dir='ltr'>sicce</span> 
     </span>
     <span class='ocr_line' id='line_1_31' title="bbox 123 2477 1813 2569; baseline -0.001 -47"><span class='ocrx_word' id='word_1_262' title='bbox 123 2479 173 2522; x_wconf 76' lang='lat' dir='ltr'>et</span> <span class='ocrx_word' id='word_1_263' title='bbox 215 2479 320 2522; x_wconf 70' lang='lat' dir='ltr'>tuse</span> <span class='ocrx_word' id='word_1_264' title='bbox 369 2479 417 2522; x_wconf 75' lang='lat' dir='ltr'>et</span> <span class='ocrx_word' id='word_1_265' title='bbox 460 2477 585 2569; x_wconf 50' lang='lat' dir='ltr'>cretg</span> <span class='ocrx_word' id='word_1_266' title='bbox 628 2480 678 2522; x_wconf 73' lang='lat' dir='ltr'>et</span> <span class='ocrx_word' id='word_1_267' title='bbox 720 2480 819 2523; x_wconf 79' lang='lat' dir='ltr'>tere</span> <span class='ocrx_word' id='word_1_268' title='bbox 862 2478 1086 2534; x_wconf 87' lang='lat' dir='ltr'>quimolie</span> <span class='ocrx_word' id='word_1_269' title='bbox 1131 2479 1231 2522; x_wconf 75' lang='lat' dir='ltr'>tere</span> <span class='ocrx_word' id='word_1_270' title='bbox 1277 2477 1402 2522; x_wconf 74' lang='lat' dir='ltr'>facte</span> <span class='ocrx_word' id='word_1_271' title='bbox 1442 2493 1537 2522; x_wconf 81' lang='grc'>01111</span> <span class='ocrx_word' id='word_1_272' title='bbox 1570 2478 1813 2535; x_wconf 87' lang='lat' dir='ltr'>(omnium)</span> 
     </span>
     <span class='ocr_line' id='line_1_32' title="bbox 120 2534 1813 2653; baseline 0.001 -14"><span class='ocrx_word' id='word_1_273' title='bbox 120 2537 378 2640; x_wconf 54' lang='grc' dir='ltr'>ἓξοθοοὲωεξῖ</span> <span class='ocrx_word' id='word_1_274' title='bbox 405 2537 569 2641; x_wconf 54' lang='lat' dir='ltr'>tIgilde</span> <span class='ocrx_word' id='word_1_275' title='bbox 589 2537 767 2640; x_wconf 50' lang='grc' dir='ltr'>εέῗιζῗῗ)</span> <span class='ocrx_word' id='word_1_276' title='bbox 795 2551 854 2640; x_wconf 67' lang='lat' dir='ltr'>celz</span> <span class='ocrx_word' id='word_1_277' title='bbox 880 2534 1587 2653; x_wconf 50' lang='grc' dir='ltr'>ῗειὲοᾞὲἓὶοἶῗέἶοὲξῗῃΐῖοῇῗ</span> <span class='ocrx_word' id='word_1_278' title='bbox 1628 2536 1813 2640; x_wconf 42' lang='lat'>{1:223}</span> 
     </span>
     <span class='ocr_line' id='line_1_33' title="bbox 122 2654 1810 2713; baseline 0 -14"><span class='ocrx_word' id='word_1_279' title='bbox 122 2654 330 2699; x_wconf 89' lang='lat' dir='ltr'>omnium</span> <span class='ocrx_word' id='word_1_280' title='bbox 359 2674 405 2680; x_wconf 82' lang='lat'>-</span> <span class='ocrx_word' id='word_1_281' title='bbox 435 2656 490 2699; x_wconf 90' lang='lat' dir='ltr'>II.</span> <span class='ocrx_word' id='word_1_282' title='bbox 516 2669 566 2712; x_wconf 93' lang='grc' dir='ltr'>Ρ.</span> <span class='ocrx_word' id='word_1_283' title='bbox 721 2659 776 2699; x_wconf 85' lang='grc'>16</span> <span class='ocrx_word' id='word_1_284' title='bbox 817 2655 993 2700; x_wconf 75' lang='lat' dir='ltr'>affoitri</span> <span class='ocrx_word' id='word_1_285' title='bbox 1022 2669 1081 2713; x_wconf 88' lang='grc' dir='ltr'>Ρ,</span> <span class='ocrx_word' id='word_1_286' title='bbox 1121 2654 1313 2700; x_wconf 83' lang='lat' dir='ltr'>aforacii</span> <span class='ocrx_word' id='word_1_287' title='bbox 1345 2668 1379 2701; x_wconf 86' lang='lat' dir='ltr'>c.</span> <span class='ocrx_word' id='word_1_288' title='bbox 1531 2654 1735 2711; x_wconf 85' lang='lat' dir='ltr'>singulas</span> <span class='ocrx_word' id='word_1_289' title='bbox 1767 2668 1810 2699; x_wconf 85' lang='lat' dir='ltr'>c·</span> 
     </span>
     <span class='ocr_line' id='line_1_34' title="bbox 122 2690 1811 2771; baseline 0.001 -15.04"><span class='ocrx_word' id='word_1_290' title='bbox 122 2727 196 2757; x_wconf 83' lang='lat' dir='ltr'>an.</span> <span class='ocrx_word' id='word_1_291' title='bbox 228 2731 273 2769; x_wconf 67' lang='grc' dir='ltr'><strong>τ</strong></span> <span class='ocrx_word' id='word_1_292' title='bbox 303 2714 336 2758; x_wconf 88' lang='grc' dir='ltr'>Ι.</span> <span class='ocrx_word' id='word_1_293' title='bbox 363 2728 414 2771; x_wconf 92' lang='grc' dir='ltr'>Ρ.</span> <span class='ocrx_word' id='word_1_294' title='bbox 570 2718 623 2758; x_wconf 81' lang='lat'>17</span> <span class='ocrx_word' id='word_1_295' title='bbox 657 2713 842 2758; x_wconf 86' lang='lat' dir='ltr'>conficis</span> <span class='ocrx_word' id='word_1_296' title='bbox 874 2728 940 2771; x_wconf 80' lang='grc' dir='ltr'>οΡ.</span> <span class='ocrx_word' id='word_1_297' title='bbox 1071 2690 1314 2771; x_wconf 78' lang='lat' dir='ltr'>⁷pulverem</span> <span class='ocrx_word' id='word_1_298' title='bbox 1345 2712 1633 2758; x_wconf 74' lang='lat' dir='ltr'>suficientem</span> <span class='ocrx_word' id='word_1_299' title='bbox 1664 2713 1811 2758; x_wconf 89' lang='lat' dir='ltr'>modi-</span> 
     </span>
     <span class='ocr_line' id='line_1_35' title="bbox 125 2771 1812 2830; baseline 0.001 -15"><span class='ocrx_word' id='word_1_300' title='bbox 125 2786 229 2816; x_wconf 89' lang='lat' dir='ltr'>cum</span> <span class='ocrx_word' id='word_1_301' title='bbox 252 2787 302 2829; x_wconf 92' lang='grc' dir='ltr'>Ρ.</span> <span class='ocrx_word' id='word_1_302' title='bbox 457 2778 511 2818; x_wconf 87' lang='grc'>18</span> <span class='ocrx_word' id='word_1_303' title='bbox 551 2772 629 2818; x_wconf 84' lang='lat' dir='ltr'>ovi</span> <span class='ocrx_word' id='word_1_304' title='bbox 668 2786 750 2818; x_wconf 87' lang='lat' dir='ltr'>om.</span> <span class='ocrx_word' id='word_1_305' title='bbox 783 2786 834 2830; x_wconf 90' lang='grc' dir='ltr'>Ρ.</span> <span class='ocrx_word' id='word_1_306' title='bbox 985 2786 1284 2830; x_wconf 88' lang='lat' dir='ltr'>conspersum</span> <span class='ocrx_word' id='word_1_307' title='bbox 1317 2772 1498 2829; x_wconf 88' lang='lat' dir='ltr'>corpori</span> <span class='ocrx_word' id='word_1_308' title='bbox 1528 2771 1637 2816; x_wconf 89' lang='lat' dir='ltr'>linis</span> <span class='ocrx_word' id='word_1_309' title='bbox 1678 2786 1719 2828; x_wconf 84' lang='lat' dir='ltr'>c,</span> <span class='ocrx_word' id='word_1_310' title='bbox 1764 2774 1812 2816; x_wconf 71' lang='lat' dir='ltr'>et</span> 
     </span>
     <span class='ocr_line' id='line_1_36' title="bbox 122 2831 1032 2890; baseline 0.003 -15"><span class='ocrx_word' id='word_1_311' title='bbox 122 2845 335 2888; x_wconf 81' lang='lat' dir='ltr'>sparsum</span> <span class='ocrx_word' id='word_1_312' title='bbox 367 2833 407 2888; x_wconf 68' lang='grc' dir='ltr'>(ῖ</span> <span class='ocrx_word' id='word_1_313' title='bbox 440 2831 558 2890; x_wconf 69' lang='lat' dir='ltr'>spru)</span> <span class='ocrx_word' id='word_1_314' title='bbox 599 2845 764 2888; x_wconf 87' lang='lat' dir='ltr'>corpus</span> <span class='ocrx_word' id='word_1_315' title='bbox 803 2832 948 2877; x_wconf 88' lang='lat' dir='ltr'>illinis</span> <span class='ocrx_word' id='word_1_316' title='bbox 982 2846 1032 2888; x_wconf 80' lang='grc' dir='ltr'>Ρ,</span> 
     </span>
    </p>
   </div>
   <div class='ocr_carea' id='block_1_12' title="bbox 1838 637 1858 670">
    <p class='ocr_par' dir='ltr' id='par_1_12' title="bbox 1838 637 1858 670">
     <span class='ocr_line' id='line_1_37' title="bbox 1838 637 1858 670; baseline 0 0"><span class='ocrx_word' id='word_1_317' title='bbox 1838 637 1858 670; x_wconf 89' lang='grc'>5</span> 
     </span>
    </p>
   </div>
   <div class='ocr_carea' id='block_1_13' title="bbox 1839 1006 1881 1038">
    <p class='ocr_par' dir='ltr' id='par_1_13' title="bbox 1839 1006 1881 1038">
     <span class='ocr_line' id='line_1_38' title="bbox 1839 1006 1881 1038; baseline 0 0"><span class='ocrx_word' id='word_1_318' title='bbox 1839 1006 1881 1038; x_wconf 88' lang='grc'>10</span> 
     </span>
    </p>
   </div>
   <div class='ocr_carea' id='block_1_14' title="bbox 1838 1373 1880 1407">
    <p class='ocr_par' dir='ltr' id='par_1_14' title="bbox 1838 1373 1880 1407">
     <span class='ocr_line' id='line_1_39' title="bbox 1838 1373 1880 1407; baseline 0.024 -1"><span class='ocrx_word' id='word_1_319' title='bbox 1838 1373 1880 1407; x_wconf 85' lang='grc'>15</span> 
     </span>
    </p>
   </div>
  </div>
 </body>
</html>
