2004 3186
883 124 1141 180 -220
1221 155 1283 162 —-

246 244 298 287 m
330 242 426 287 cod.
460 241 507 286 s.
543 241 662 286 aaa.
698 244 792 288 762
825 241 852 286 z
881 240 1000 296 III,
1029 240 1084 285 ae
1113 252 1215 298 quo
1230 239 1654 294 Aneed.11,122‚
1685 252 1740 286 ex
1772 206 1979 286 Galen?

247 301 408 369 Simpl.
460 301 712 358 excerptus)
761 300 988 344 Theodori
1033 298 1268 345 Prisciani
1313 299 1444 344 libris
1483 272 1520 343 I’
1528 298 1571 343 V
1612 299 1666 343 in
1709 303 1821 345 msto
1866 299 1941 344 Si-

247 360 396 406 monis
450 360 699 417 exemplari
758 359 948 413 fortuite
990 358 1228 404 subiectas.
1305 358 1359 403 de
1411 372 1504 415 qua
1549 371 1597 402 re
1649 358 1947 416 corriyendus

717 418 878 476 Meyer
908 419 962 462 in
991 417 1094 462 hist.
1126 417 1212 463 bot.
1245 416 1333 472 II,
1364 420 1472 463 291.

247 651 508 698 Albutium
542 653 613 697 est
636 651 892 697 asfodillus.
941 651 1050 696 Cas-

278 711 373 755 sius
420 710 552 755 Felix
576 745 587 756 .
614 743 625 755 .
652 745 661 755 .
688 712 736 756 et
782 712 854 756 est
895 711 1051 767 potius

277 769 490 815 latinum.

246 828 494 874 Anaetica
534 827 683 872 virtus
729 841 867 885 grece
908 828 1051 873 laces-

280 887 444 931 sitoria
504 885 772 931 irritatoria.
867 886 1050 932 Cassius

275 945 409 990 Felix
455 946 521 990 de
575 945 701 990 oleo
757 946 956 990 aurino
1003 947 1049 998 (Ζ.

278 1004 455 1061 ciprino
481 1004 538 1059 cf.
555 1017 701 1061 supra
718 1005 780 1049 ad
799 1018 839 1050 v.
858 999 1049 1061 ἀμυχή)

246 1062 555 1120 Amoliptum
620 1077 702 1108 seu
763 1063 1050 1108 amolentum

276 1121 449 1166 dicitur
492 1121 617 1178 quod
647 1123 719 1166 est
758 1122 856 1167 sine
898 1122 1051 1179 inqui-

274 1181 466 1226 natione
507 1182 562 1225 ut
608 1183 817 1225 cerotum
859 1181 1051 1238 aliquod

276 1239 461 1295 quando
494 1239 667 1296 digitos
699 1254 791 1284 non
821 1239 1050 1297 inquinat.

279 1298 462 1343 Cassius
478 1298 611 1343 Felix
638 1298 688 1342 in
712 1299 1050 1355 operatione

278 1357 558 1413 unguenti
599 1358 800 1414 palme.
869 1357 1051 1415 litargi-

278 1431 383 1459 rum
399 1415 554 1472 inquit
575 1430 721 1472 coque
746 1416 893 1461 donee
926 1430 1053 1461 amo·

277 1474 459 1518 lentum
489 1474 564 1519 sit.
620 1475 868 1532 exponitur
898 1477 952 1519 ut
983 1475 1050 1519 di-

276 1533 401 1590 gitos
441 1548 534 1578 non
582 1533 795 1590 inquinet
838 1534 912 1589 (cf.
953 1535 1052 1579 cod.

282 1592 438 1636 Paris.
471 1605 578 1649 app.
606 1593 641 1646 f.
668 1597 751 1637 87³
780 1593 833 1636 in
856 1593 1052 1649 descrip-

278 1651 401 1695 tione
440 1652 731 1708 malaymatis
769 1652 850 1696 dia
880 1652 1054 1696 molitos

275 1710 358 1753 ubi
373 1710 540 1753 tundes
557 1723 769 1766 spumam
787 1710 993 1768 argenti.
1013 1745 1022 1755 .
1041 1744 1051 1754 .

278 1770 326 1812 et
342 1768 517 1813 amixto
536 1769 639 1813 oleo
664 1770 786 1813 teres
810 1770 858 1813 et
882 1783 1052 1825 coques

274 1827 325 1871 in
347 1827 491 1871 trullo
517 1827 606 1871 eris
627 1826 756 1871 rubri
781 1828 911 1872 lento
941 1828 1052 1885 igne

276 1886 425 1930 donec
449 1886 694 1930 amolitum
717 1886 800 1930 fiat
823 1886 853 1930 i.
871 1887 1052 1931 tactum

276 1958 373 1988 non
403 1944 684 2001 coinquinet.
733 1949 775 1989 et
803 1946 864 1990 ib.
897 1947 931 2000 f.
962 1950 1050 1990 86ει

281 2004 334 2047 de
357 2004 517 2048 melina
542 2003 816 2059 Vespasiani
839 2018 1051 2062 spumam

277 2062 1051 2166 {zffiissffifflffissa{affligi

277 2179 337 2233 cf.
384 2180 521 2223 etiam
561 2179 681 2225 Cael.
727 2179 846 2224 Aur.
891 2193 962 2225 ox.
1008 2185 1050 2237 2,

249 2294 634 2363 Apocrusticum
659 2310 795 2353 grece
813 2310 1049 2354 repercus-

277 2355 427 2399 sivum
450 2355 733 2412 redarguens
751 2357 839 2401 ut.
905 2355 1051 2401 .Cas-

277 2413 373 2458 sius
403 2413 536 2458 Felix
577 2413 782 2471 capitulo
823 2415 888 2460 de
925 2415 1050 2460 oleo

276 2472 510 2517 mirtino
542 2473 622 2529 (ef.
652 2486 798 2530 supra
826 2486 862 2519 s.
894 2475 967 2530 v..)

246 2531 546 2577 Arsenieum
585 2545 614 2575 a
646 2545 787 2589 greco
819 2532 1050 2590 aisinagO,

276 2591 330 2634 ut
360 2591 543 2636 Cassius
577 2590 721 2637 Felix.

248 2648 534 2704 Arsinagon
557 2649 830 2707 arsenicum,
858 2651 912 2695 ut
937 2650 1048 2696 Cas-

281 2707 376 2751 sius
406 2707 550 2753 Felix.

590 2801 600 2812 .
633 2803 643 2813 .
681 2766 864 2813 Cassius
917 2767 1050 2812 Felix

247 2765 513 2812 Balaustia
543 2801 554 2811 .

278 2824 483 2882 capitulo
539 2826 594 2871 de
654 2826 917 2872 dissinteria
973 2828 1047 2883 (48

1170 656 1319 696 textas
1350 652 1613 709 corruptil).
1673 651 1788 696 item
1813 653 1862 709 (1)
1892 651 1943 696 in

1171 709 1453 756 antidotario
1484 711 1543 755 in
1575 711 1945 756 confectione

1171 769 1406 826 saponis
1446 769 1560 814 dicit
1590 770 1717 826 quod
1747 770 1822 814 est
1857 769 1947 814 flos

1170 828 1451 874 ammoniaci
1470 828 1544 885 (cf.
1570 829 1680 874 Ind.
1708 829 1786 873 lat.
1809 841 1845 875 8.
1867 830 1942 884 a).

1143 900 1524 947 Catastalticum
1532 901 1823 946 medicamen
1840 914 1943 959 gre-

1172 974 1223 1005 ce
1243 961 1589 1017 repressorium.
1617 960 1802 1006 Cassius
1811 959 1944 1005 Felix

1168 1019 1220 1063 in
1251 1019 1537 1064 antidotario
1576 1018 1946 1064 confectione

1171 1078 1330 1122 dieta
1406 1080 1818 1123 exantoxemon
1894 1078 1943 1133 (i.

1171 1133 1355 1190 ξανθὸν
1392 1138 1640 1194 ἴσχαιμον).
1703 1135 1944 1181 stalticum

1172 1195 1296 1240 enim
1327 1195 1566 1252 stipticum
1599 1198 1684 1241 est

1143 1253 1534 1310 crocomagma.

1173 1313 1384 1358 diversae
1418 1314 1798 1381 compositiones,
1832 1325 1945 1370 qua-

1172 1387 1276 1416 rum
1327 1387 1470 1417 unam
1525 1372 1708 1418 Cassius
1762 1373 1812 1417 in
1862 1385 1946 1416 suo

1174 1431 1462 1475 antidotario
1494 1432 1669 1477 scribit.

1142 1489 1490 1534 Diaeoralium
1505 1491 1730 1535 trociscus
1743 1489 1804 1557 ad
1819 1502 1947 1534 emo-

1172 1548 1365 1605 ptoioos.
1414 1549 1599 1594 Cassius
1623 1549 1754 1594 Felix
1784 1548 1834 1592 in
1865 1562 1945 1592 an·

1172 1607 1395 1651 tidotario
1437 1609 1514 1664 (cf.
1540 1621 1686 1664 supra
1713 1608 1798 1652 sab
1831 1603 1944 1662 διά).

1143 1679 1518 1736 Diadiptamum
1565 1682 1614 1737 (i
1659 1677 1741 1725 διὰ
1786 1676 1946 1724 δικτά-

1173 1741 1311 1796 μνου)
1344 1753 1372 1783 a
1400 1739 1612 1796 diptamo
1639 1739 1946 1796 emplastrum

1174 1799 1245 1842 est
1283 1812 1520 1854 magnum.
1599 1798 1781 1844 Cassius
1812 1798 1944 1842 Felix

1171 1856 1221 1900 in
1252 1857 1536 1903 antidotario
1567 1871 1662 1903 suo.

1142 1929 1380 1975 Diuiteon
1403 1931 1462 1975 ab
1486 1931 1584 1976 itea
1607 1945 1696 1987 que
1721 1932 1792 1975 est
1807 1943 1946 1988 grece

1173 1989 1293 2033 salix
1314 1988 1364 2033 in
1387 1989 1671 2034 antidotario
1692 1988 1946 2034 universali

1173 2049 1222 2092 et
1251 2047 1399 2092 Cassii
1428 2047 1597 2093 Felicis
1633 2048 1776 2104 (Cass.
1809 2061 1846 2093 c.
1877 2052 1938 2093 19

1171 2107 1269 2163 etc.)
1310 2108 1358 2151 et
1397 2106 1610 2152 Oribasii.
1667 2108 1725 2162 cf.
1767 2106 1877 2152 Sim.
1908 2119 1944 2152 8.

1170 2165 1314 2210 Ytea
1329 2179 1465 2223 grece
1477 2166 1609 2211 salix.
1633 2166 1743 2211 inde
1751 2166 1946 2222 diayton

1171 2223 1473 2280 emplastrum
1514 2225 1638 2280 quod
1678 2239 1782 2268 cum
1821 2223 1948 2268 foliis

1171 2282 1325 2327 salicis
1364 2283 1431 2327 fit.
1494 2281 1676 2327 Cassius
1717 2283 1849 2328 Felix
1894 2282 1946 2326 in

1172 2354 1256 2386 suo
1301 2341 1607 2398 antidotario,
1654 2343 1704 2386 et
1748 2342 1799 2386 in
1843 2340 1946 2385 uni·

1171 2400 1341 2444 versali
1373 2402 1429 2457 (v.
1462 2414 1608 2457 supra
1637 2414 1671 2445 s.
1709 2398 1824 2456 διά).

1141 2472 1327 2519 Dialon
1351 2474 1656 2531 emplastrum
1681 2509 1691 2518 .
1718 2510 1729 2520 .
1757 2509 1766 2519 .
1791 2488 1820 2518 a
1848 2473 1945 2518 sale

1172 2533 1350 2577 dictum
1377 2569 1386 2578 .
1414 2569 1423 2578 .
1451 2566 1460 2575 .
1486 2547 1596 2578 nam
1656 2533 1755 2577 alos
1807 2545 1945 2589 grece

1173 2592 1255 2636 sal.
1312 2592 1496 2637 Cassius
1544 2591 1676 2636 Felix
1729 2592 1778 2636 in
1823 2591 1941 2634 anti-

1170 2649 1352 2695 dotario
1392 2651 1467 2708 (cf.
1511 2650 1697 2696 Cassius
1739 2664 1776 2695 c.
1808 2653 1868 2695 21
1903 2652 1944 2694 et

1169 2713 1234 2755 26
1287 2710 1370 2754 ubi
1424 2711 1595 2754 citatur
1643 2709 1801 2754 dialon
1848 2722 1944 2752 em-

1168 2768 1394 2824 plastrum
1447 2768 1641 2813 inferius
1701 2781 1782 2812 suo
1836 2767 1944 2811 loco

1171 2827 1484 2884 conscriptum
1538 2853 1593 2859 -—
1649 2827 1780 2871 cuius
1840 2839 1943 2871 con-

1598 1290 1606 1299 .
1638 1256 1686 1299 et
1717 1256 1825 1300 sunt
1847 1254 1949 1299 eius
