2004 3186
850 136 1255 189 —228—

233 252 515 297 xerobeches
556 255 614 296 34
654 251 798 307 (sed
784 251 1005 309 igrobeca

233 313 324 368 33),
357 311 669 365 stomachum,
707 310 900 355 —chica
931 314 1002 353 41.

232 375 289 414 42
339 372 398 426 (et
441 371 557 415 male
603 345 879 414 an⁷trachion
931 373 1002 423 22,

231 433 283 474 ut
298 443 384 475 rec.
403 429 626 485 achanta,
653 429 927 481 cachoetes).
946 451 1001 459 —

232 503 261 531 x
295 489 335 544 (e
363 501 430 545 qr.
456 489 534 545 χῖ)
559 500 651 543 pro
683 488 761 531 ch:
788 486 1003 530 euximon

234 551 289 591 29
330 548 423 603 (sed
461 545 722 603 cacocymis
762 546 851 601 26).
886 570 941 576 -
972 558 1003 601 9

225 618 315 662 pro
347 606 427 650 ch:
464 606 660 662 dragma
689 618 871 661 semper,
903 603 1000 647 dia-

232 664 413 722 strignu
442 678 471 721 9
504 668 573 708 24.
632 663 689 718 cf.
723 676 897 720 cygnos
929 667 999 707 29.

202 723 556 768 chalcanthum
587 724 662 779 (---
690 722 1002 768 atramentum

231 783 460 827 sutorium
516 782 644 827 Plin.
700 781 851 838 Cels.):
901 793 1001 838 qen.

232 841 432 886 calcanti
478 841 522 896 (i.
571 840 813 886 vitriolum
857 853 1003 896 supra

223 901 299 956 Pe)
329 914 414 958 ycp
449 905 517 943 11.
565 899 609 956 (i.
640 900 828 944 vitriola
857 912 1001 955 supra

200 1031 448 1078 chalcites
504 1033 778 1089 (χαλκίτης)ε
832 1046 1003 1089 semper

230 1105 378 1136 accus.
427 1091 626 1136 calciten
670 1105 756 1148 ycp
808 1097 877 1136 11.
932 1094 999 1136 18.

232 1156 286 1195 29
329 1152 398 1195 bis
436 1151 535 1208 (ubi
581 1150 812 1195 calcideos
859 1151 1001 1196 altero

231 1211 324 1254 loco
356 1210 415 1266 c).
461 1223 601 1266 neque
627 1210 695 1253 ibi
718 1214 898 1255 tantum
921 1210 1002 1254 ubi

222 1282 313 1325 pro
352 1269 550 1325 genitivo
579 1269 762 1324 positus
793 1269 1002 1314 librariis

230 1328 435 1372 debetur:
486 1327 684 1372 calciten
724 1327 916 1371 crudum
955 1329 1003 1372 et

230 1386 394 1431 tritum
426 1399 632 1444 appones
661 1387 727 1431 sic
756 1400 891 1431 masc.
915 1400 1000 1444 9οΡ

230 1450 303 1490 18.
367 1446 444 1490 sed
475 1445 554 1490 dia
585 1445 805 1490 calciteos
837 1450 909 1490 39.
942 1449 1000 1489 46

231 1505 475 1560 (χαλκῖτιςε
515 1505 766 1560 χαλκίτεως
797 1505 866 1548 vel
895 1507 1001 1561 χαλ-

230 1563 406 1612 κίτιδος
436 1563 592 1607 Diosc.
627 1562 747 1617 Gal„
779 1562 1001 1608 calciteos

231 1622 311 1666 lat.
347 1621 524 1666 Oribas.
559 1625 599 1666 et
630 1622 787 1675 Alex„
828 1621 1000 1666 chalci—

229 1680 340 1725 tidis
375 1680 503 1724 Plin.
537 1684 612 1734 34,
647 1684 736 1725 119
769 1683 880 1737 οἱα).

200 1753 547 1799 chamaeleon:
567 1768 662 1811 qen.
683 1754 1001 1799 cameleontae
1036 1779 1042 1785 ·

230 1813 354 1858 codd.
435 1813 753 1858 cameleontae
815 1814 1002 1870 (camel-

228 1872 383 1916 leonte
430 1873 469 1928 c)
515 1872 679 1929 nigrae
724 1872 906 1916 radices
952 1872 1002 1916 id

230 1933 302 1974 est
348 1930 471 1975 sefra
508 1931 644 1988 nigra
683 1932 766 1988 (sic
802 1945 853 1988 9,
901 1931 1001 1976 sefa

229 1989 363 2046 nigra
394 2003 430 2044 c,
464 1991 582 2034 sefre
612 1989 745 2047 nigre
767 1993 817 2046 p)
847 1995 888 2046 9,
919 1991 1002 2035 ubi

227 2062 373 2104 supra
391 2050 576 2105 scripsit
598 2055 649 2107 90
666 2049 716 2093 id
731 2049 804 2094 est
826 2049 1000 2093 hedera

227 2106 363 2164 nigra
408 2107 533 2152 idem
584 2111 655 2153 est
702 2110 750 2152 et
795 2108 1001 2152 camelea

230 2168 371 2222 atque
404 2167 547 2211 scissa
579 2169 690 2223 (sic).
718 2192 773 2198 —-
801 2167 999 2210 camele-

230 2227 339 2270 onte
387 2226 564 2281 (—otes
604 2228 658 2283 p)
698 2226 830 2282 nigre
873 2225 1006 2270 rad1c

229 2285 383 2340 (—ces
416 2286 470 2341 p)
510 2285 530 2327 I
571 2285 720 2341 (Hp,
738 2297 848 2374 ipro
878 2283 907 2327 i.
942 2305 998 2321 =

227 2372 279 2416 id
309 2374 396 2428 est)
421 2386 469 2417 se
492 2372 565 2417 fra
592 2344 755 2434 (sefra
770 2387 806 2428 Ρ
810 2373 846 2428 ⁰)
880 2386 902 2417 c
923 2376 995 2417 76.

230 2431 287 2486 cf.
335 2431 491 2477 Diosc
539 2435 592 2488 3,
638 2437 732 2476 8.—
734 2419 786 2476 ¹9.
855 2432 997 2488 Apul

228 2491 345 2535 herb.
395 2495 460 2536 ,26
507 2492 686 2546 (contra
730 2491 999 2548 hydropicos

233 2549 414 2606 Cael.p
379 2564 427 2606 Ρ.
461 2553 562 2595 475.
596 2549 760 2594 Aetius
790 2554 865 2603 10,
896 2551 995 2605 22).

231 2608 341 2652 Sim.
384 2608 497 2653 Jan.
537 2622 572 2653 s.
615 2609 746 2654 Sefra
787 2608 836 2652 in
877 2608 997 2652 libro

229 2667 422 2723 antiquo
453 2668 510 2712 de
540 2667 743 2724 simplici
766 2666 1000 2711 medicina

232 2726 479 2782 exponitur
524 2728 649 2783 quod.
688 2728 760 2771 est
802 2726 998 2771 camele-

231 2788 353 2828 onta.

201 2842 563 2899 chrysatticum
634 2845 743 2901 (Ed.
805 2845 998 2902 Diocl.):

1126 261 1231 296 cum
1261 250 1370 296 vino
1395 251 1611 298 crisatico
1635 267 1690 310 cp
1713 258 1783 299 46.
1833 259 1892 311 ct.

1121 311 1280 367 Alex,
1311 310 1483 356 Simon.
1518 311 1633 356 Jan.
1665 325 1700 357 8.
1731 326 1772 358 v.

1094 369 1313 415 cibaria:
1355 369 1568 414 afronitri
1604 369 1781 416 cibaria
1809 386 1893 416 nu-

1123 442 1250 474 mero
1298 430 1406 484 (nfio
1456 442 1537 473 om.
1583 430 1639 486 Ρ)
1688 429 1775 475 XV
1820 435 1892 476 44.

1122 487 1336 532 afronitri
1377 487 1541 532 cibarii
1578 493 1609 539 5
1638 488 1727 532 ΙΠΙ
1759 491 1891 546 (corr.

1123 545 1299 592 cibaria
1338 546 1470 590 XIIII
1478 548 1517 604 2)
1558 551 1627 592 53.
1679 546 1896 593 arronii-,ri

1122 604 1298 650 cibaria
1337 605 1545 662 cupressi
1577 642 1587 652 .
1615 642 1623 650 .
1652 642 1661 651 .
1695 607 1796 663 (sic)
1837 611 1893 651 ’76

1122 665 1197 721 (cf.
1223 664 1319 709 Ser.
1363 665 1465 709 hist.
1500 678 1602 722 any.
1639 665 1713 708 II
1731 679 1783 722 Ρ.
1816 669 1893 720 77,

1121 726 1151 768 7
1203 723 1354 768 Berol.
1412 722 1525 780 quid
1580 723 1735 780 inquit
1795 724 1893 769 sine
1980 749 1985 757 ·

1121 781 1357 827 afronitris
1375 796 1473 827 esse
1488 795 1583 827 non
1598 785 1821 839 possum?
1835 808 1891 816 —-

1123 840 1215 886 olei
1250 841 1414 886 cibarii
1454 841 1548 886 Ed.
1578 842 1730 886 Diocl.
1743 877 1756 898 ,
1794 841 1894 886 vini

1123 900 1285 945 cibarii
1318 900 1452 945 Plin.
1481 904 1562 956 28,
1593 904 1689 946 207
1719 903 1830 958 etc).

1091 958 1279 1063 cgratio
1334 958 1640 1004 constrictiva
1693 964 1751 1004 50
1814 960 1890 1016 (cf.

1161 1020 1264 1074 ael.)

1092 1076 1392 1122 cicatricare
1448 1077 1520 1133 (cf.
1579 1076 1740 1134 Cael.):
1802 1077 1894 1121 hoc

1121 1135 1342 1181 adiutorii
1370 1149 1515 1193 genus
1540 1170 1550 1181 .
1578 1172 1587 1182 .
1616 1172 1624 1181 .

1120 1195 1279 1240 ulcera
1323 1198 1381 1240 48
1430 1195 1501 1249 (ut
1545 1209 1722 1240 summe
1763 1193 1896 1239 ducit

1122 1254 1388 1299 cicatricem
1429 1254 1479 1297 in
1517 1253 1731 1299 omnibus
1776 1253 1894 1298 locis

1124 1318 1202 1371 74,
1251 1312 1519 1358 cicatricem
1562 1312 1782 1357 inducere
1825 1313 1896 1357 vel

1121 1372 1171 1416 in
1190 1349 1481 1417 ’cicatricem
1526 1372 1695 1417 ducere
1748 1385 1894 1428 saepe,

1120 1431 1314 1475 ulcera·
1301 1446 1350 1475 m
1373 1430 1640 1476 cicatricem
1655 1430 1894 1475 venientia

1092 1549 1406 1594 cinerescere
1439 1553 1495 1593 67
1530 1549 1606 1604 (cf.
1639 1548 1791 1604 Cael).

1092 1607 1335 1653 cinericio
1383 1608 1536 1652 colore
1577 1607 1761 1652 fuscata
1807 1607 1892 1664 (ul-

1122 1666 1315 1723 ceratio)
1349 1671 1418 1711 36.

1093 1724 1478 1770 circumincides
1509 1726 1748 1781 (morsum)
1782 1728 1853 1768 67.

1093 1784 1440 1830 circumvestit
1455 1783 1763 1839 (membrana)
1790 1796 1894 1827 ossa

1123 1843 1291 1900 capitis
1310 1848 1349 1899 1,
1366 1845 1577 1888 ventrem
1594 1843 1681 1887 sub
1698 1843 1802 1887 cute
1820 1846 1892 1886 51.

1093 1902 1372 1947 cisternina
1402 1915 1523 1958 aqua
1553 1905 1623 1946 56.
1658 1906 1727 1945 61.

1093 1961 1306 2006 coactile
1317 1961 1539 2018 (quactile
1547 1962 1671 2028 ycp):
1686 1959 1892 2016 quactile

1120 2021 1259 2065 tenue
1289 2024 1359 2065 42.
1409 2019 1605 2076 quactili
1635 2019 1815 2077 operies
1840 2020 1890 2063 it.

1121 2084 1177 2122 42
1210 2080 1287 2135 (cf.
1319 2080 1464 2136 Diq..)

1091 2137 1439 2183 coactiliarius
1448 2137 1785 2195 (quactiliarius
1792 2139 1890 2194 ycp)

1091 2255 1396 2300 coclearium
1448 2270 1479 2313 9
1525 2257 1670 2311 (coctr
1721 2268 1891 2311 semper

1123 2327 1262 2371 comp.
1287 2316 1359 2371 cp)
1393 2319 1463 2360 34.
1489 2319 1559 2359 39.
1593 2318 1650 2358 40
1666 2315 1785 2371 (bis).
1818 2318 1889 2358 41.

1123 2377 1180 2416 42
1198 2374 1424 2428 (cocleare
1447 2388 1590 2418 unum
1614 2374 1683 2418 bis
1707 2378 1777 2429 21,
1809 2374 1891 2418 ubi

1120 2434 1251 2477 tertio
1291 2433 1386 2477 loco
1434 2432 1626 2477 coclear.
1666 2432 1702 2476 I.
1740 2433 1809 2476 sic
1844 2444 1888 2489 9,

1109 2504 1200 2547 pro
1246 2492 1431 2536 coclear
1477 2513 1532 2528 =
1575 2491 1888 2546 coclearium).

1119 2550 1338 2594 coclearii
1387 2555 1457 2595 42
1532 2550 1761 2595 cocleario
1817 2554 1888 2593 34.

1119 2610 1347 2654 coclearia
1386 2615 1441 2654 21
1483 2609 1750 2666 (coclearios
1798 2608 1889 2652 sin-

1119 2668 1252 2724 gulos
1284 2669 1400 2713 male
1429 2682 1484 2726 90
1515 2672 1605 2725 40).

1091 2727 1313 2794 cognitio
1343 2727 1512 2786 (morbi
1535 2748 1592 2764 =
1616 2722 1887 2783 ὃιαγνωσις)

1092 2845 1419 2892 collect-iones
1445 2840 1788 2902 (αποστήματα)
1817 2847 1886 2890 18.

1652 1135 1896 1182 cicatricat
1986 1178 1996 1183 ,
