<?xml version="1.0" encoding="UTF-8"?>
<!DOCTYPE html PUBLIC "-//W3C//DTD XHTML 1.0 Transitional//EN"
    "http://www.w3.org/TR/xhtml1/DTD/xhtml1-transitional.dtd">
<html xmlns="http://www.w3.org/1999/xhtml" xml:lang="en" lang="en">
 <head>
  <title>
</title>
<meta http-equiv="Content-Type" content="text/html;charset=utf-8" />
  <meta name='ocr-system' content='tesseract 3.04.00' />
  <meta name='ocr-capabilities' content='ocr_page ocr_carea ocr_par ocr_line ocrx_word'/>
</head>
<body>
  <div class='ocr_page' id='page_1' title='image "./demedicinaexgrae00cassuoft_0139.png"; bbox 0 0 2004 3186; ppageno 0'>
   <div class='ocr_carea' id='block_1_1' title="bbox 746 114 1142 168">
    <p class='ocr_par' dir='ltr' id='par_1_1' title="bbox 746 114 1142 168">
     <span class='ocr_line' id='line_1_1' title="bbox 746 114 1142 168; baseline 0.003 -1"><span class='ocrx_word' id='word_1_1' title='bbox 746 114 1142 168; x_wconf 80' lang='lat'>—125--</span> 
     </span>
    </p>
   </div>
   <div class='ocr_carea' id='block_1_2' title="bbox 95 233 1852 1922">
    <p class='ocr_par' dir='ltr' id='par_1_2' title="bbox 95 233 1782 448">
     <span class='ocr_line' id='line_1_2' title="bbox 95 233 1782 303; baseline 0.002 -18"><span class='ocrx_word' id='word_1_2' title='bbox 95 241 254 285; x_wconf 89' lang='lat' dir='ltr'>aetate</span> <span class='ocrx_word' id='word_1_3' title='bbox 302 236 545 300; x_wconf 81' lang='lat' dir='ltr'><strong>vergenti,</strong></span> <span class='ocrx_word' id='word_1_4' title='bbox 591 233 723 283; x_wconf 90' lang='lat' dir='ltr'>unde</span> <span class='ocrx_word' id='word_1_5' title='bbox 769 233 1062 300; x_wconf 90' lang='lat' dir='ltr'>plerumque</span> <span class='ocrx_word' id='word_1_6' title='bbox 1113 235 1391 286; x_wconf 79' lang='lat' dir='ltr'><strong>laborantes</strong></span> <span class='ocrx_word' id='word_1_7' title='bbox 1430 238 1472 286; x_wconf 94' lang='lat' dir='ltr'>si</span> <span class='ocrx_word' id='word_1_8' title='bbox 1510 237 1635 286; x_wconf 91' lang='lat' dir='ltr'>hanc</span> <span class='ocrx_word' id='word_1_9' title='bbox 1674 253 1782 303; x_wconf 90' lang='lat' dir='ltr'>pas·</span> 
     </span>
     <span class='ocr_line' id='line_1_3' title="bbox 96 308 1782 375; baseline 0.001 -17"><span class='ocrx_word' id='word_1_10' title='bbox 96 310 286 358; x_wconf 91' lang='lat' dir='ltr'>sionem</span> <span class='ocrx_word' id='word_1_11' title='bbox 342 323 518 358; x_wconf 87' lang='lat' dir='ltr'>curare</span> <span class='ocrx_word' id='word_1_12' title='bbox 579 308 968 374; x_wconf 88' lang='lat' dir='ltr'>praeterierunt,</span> <span class='ocrx_word' id='word_1_13' title='bbox 1027 309 1284 375; x_wconf 86' lang='lat' dir='ltr'>hydropici</span> <span class='ocrx_word' id='word_1_14' title='bbox 1344 310 1656 375; x_wconf 89' lang='lat' dir='ltr'>postmodum</span> <span class='ocrx_word' id='word_1_15' title='bbox 1715 313 1782 360; x_wconf 84' lang='lat' dir='ltr'>ef·</span> 
     </span>
     <span class='ocr_line' id='line_1_4' title="bbox 96 384 345 448; baseline -0.004 -16"><span class='ocrx_word' id='word_1_16' title='bbox 96 384 345 448; x_wconf 84' lang='lat' dir='ltr'>ficiuntur.</span> 
     </span>
    </p>

    <p class='ocr_par' dir='ltr' id='par_1_3' title="bbox 95 454 1828 815">
     <span class='ocr_line' id='line_1_5' title="bbox 244 454 1781 521; baseline 0.002 -16"><span class='ocrx_word' id='word_1_17' title='bbox 244 457 485 521; x_wconf 76' lang='lat' dir='ltr'>catapotia</span> <span class='ocrx_word' id='word_1_18' title='bbox 538 454 597 504; x_wconf 88' lang='lat' dir='ltr'>ad</span> <span class='ocrx_word' id='word_1_19' title='bbox 653 454 991 519; x_wconf 88' lang='lat' dir='ltr'>dysentericos</span> <span class='ocrx_word' id='word_1_20' title='bbox 1046 463 1097 505; x_wconf 92' lang='lat' dir='ltr'>et</span> <span class='ocrx_word' id='word_1_21' title='bbox 1140 456 1337 506; x_wconf 89' lang='lat' dir='ltr'>ciliacos</span> <span class='ocrx_word' id='word_1_22' title='bbox 1386 463 1436 507; x_wconf 91' lang='lat' dir='ltr'>et</span> <span class='ocrx_word' id='word_1_23' title='bbox 1484 457 1781 508; x_wconf 88' lang='lat' dir='ltr'>lientericos.</span> 
     </span>
     <span class='ocr_line' id='line_1_6' title="bbox 95 527 1828 598; baseline 0.003 -20"><span class='ocrx_word' id='word_1_24' title='bbox 95 529 248 595; x_wconf 84' lang='lat' dir='ltr'>gallae</span> <span class='ocrx_word' id='word_1_25' title='bbox 296 536 469 579; x_wconf 79' lang='lat' dir='ltr'><strong>tunsae</strong></span> <span class='ocrx_word' id='word_1_26' title='bbox 517 535 567 578; x_wconf 92' lang='lat' dir='ltr'>et</span> <span class='ocrx_word' id='word_1_27' title='bbox 612 534 776 577; x_wconf 80' lang='lat' dir='ltr'>cretae</span> <span class='ocrx_word' id='word_1_28' title='bbox 823 527 857 582; x_wconf 81' lang='lat'>3</span> <span class='ocrx_word' id='word_1_29' title='bbox 905 528 970 595; x_wconf 85' lang='grc' dir='ltr'>ΙΙ,</span> <span class='ocrx_word' id='word_1_30' title='bbox 1017 531 1116 594; x_wconf 92' lang='lat' dir='ltr'>opii</span> <span class='ocrx_word' id='word_1_31' title='bbox 1154 528 1190 584; x_wconf 86' lang='lat'><strong>3</strong></span> <span class='ocrx_word' id='word_1_32' title='bbox 1228 529 1263 580; x_wconf 90' lang='grc' dir='ltr'>Ι.</span> <span class='ocrx_word' id='word_1_33' title='bbox 1333 545 1458 595; x_wconf 90' lang='lat' dir='ltr'>aqua</span> <span class='ocrx_word' id='word_1_34' title='bbox 1497 531 1695 598; x_wconf 88' lang='lat' dir='ltr'>colliges</span> <span class='ocrx_word' id='word_1_35' title='bbox 1735 540 1784 583; x_wconf 91' lang='lat' dir='ltr'>et</span> <span class='ocrx_word' id='word_1_36' title='bbox 1807 543 1828 576; x_wconf 81' lang='lat'>5</span> 
     </span>
     <span class='ocr_line' id='line_1_7' title="bbox 95 601 1782 669; baseline 0.002 -16"><span class='ocrx_word' id='word_1_37' title='bbox 95 604 339 668; x_wconf 80' lang='lat' dir='ltr'>catapotia</span> <span class='ocrx_word' id='word_1_38' title='bbox 369 602 520 652; x_wconf 88' lang='lat' dir='ltr'>facies</span> <span class='ocrx_word' id='word_1_39' title='bbox 552 603 604 651; x_wconf 90' lang='lat' dir='ltr'>in</span> <span class='ocrx_word' id='word_1_40' title='bbox 627 601 829 651; x_wconf 90' lang='lat' dir='ltr'>modum</span> <span class='ocrx_word' id='word_1_41' title='bbox 862 605 978 652; x_wconf 87' lang='lat' dir='ltr'>ervi.</span> <span class='ocrx_word' id='word_1_42' title='bbox 1042 611 1092 653; x_wconf 88' lang='lat' dir='ltr'>et</span> <span class='ocrx_word' id='word_1_43' title='bbox 1121 610 1235 668; x_wconf 89' lang='lat' dir='ltr'>post</span> <span class='ocrx_word' id='word_1_44' title='bbox 1266 619 1449 653; x_wconf 89' lang='lat' dir='ltr'>annum</span> <span class='ocrx_word' id='word_1_45' title='bbox 1474 620 1500 653; x_wconf 86' lang='lat' dir='ltr'>a</span> <span class='ocrx_word' id='word_1_46' title='bbox 1532 620 1630 669; x_wconf 90' lang='lat' dir='ltr'>quo</span> <span class='ocrx_word' id='word_1_47' title='bbox 1667 621 1782 656; x_wconf 90' lang='lat' dir='ltr'>con·</span> 
     </span>
     <span class='ocr_line' id='line_1_8' title="bbox 96 673 1782 743; baseline 0.002 -17"><span class='ocrx_word' id='word_1_48' title='bbox 96 677 276 726; x_wconf 83' lang='lat' dir='ltr'>feceris</span> <span class='ocrx_word' id='word_1_49' title='bbox 315 675 454 725; x_wconf 88' lang='lat' dir='ltr'>dabis</span> <span class='ocrx_word' id='word_1_50' title='bbox 492 677 544 725; x_wconf 94' lang='lat' dir='ltr'>in</span> <span class='ocrx_word' id='word_1_51' title='bbox 577 690 668 724; x_wconf 88' lang='lat' dir='ltr'>ovo</span> <span class='ocrx_word' id='word_1_52' title='bbox 708 673 880 725; x_wconf 89' lang='lat' dir='ltr'>sorbili</span> <span class='ocrx_word' id='word_1_53' title='bbox 920 676 1154 737; x_wconf 89' lang='lat' dir='ltr'>euntibus</span> <span class='ocrx_word' id='word_1_54' title='bbox 1193 676 1462 727; x_wconf 89' lang='lat' dir='ltr'>dormitum</span> <span class='ocrx_word' id='word_1_55' title='bbox 1500 693 1651 743; x_wconf 85' lang='lat' dir='ltr'>grana</span> <span class='ocrx_word' id='word_1_56' title='bbox 1689 681 1782 729; x_wconf 85' lang='lat' dir='ltr'>tria</span> 
     </span>
     <span class='ocr_line' id='line_1_9' title="bbox 95 748 937 815; baseline -0.002 -15"><span class='ocrx_word' id='word_1_57' title='bbox 95 756 183 800; x_wconf 90' lang='lat' dir='ltr'>aut</span> <span class='ocrx_word' id='word_1_58' title='bbox 219 748 280 815; x_wconf 94' lang='lat' dir='ltr'>V,</span> <span class='ocrx_word' id='word_1_59' title='bbox 319 755 404 799; x_wconf 90' lang='lat' dir='ltr'>aut</span> <span class='ocrx_word' id='word_1_60' title='bbox 443 750 485 798; x_wconf 92' lang='lat' dir='ltr'>si</span> <span class='ocrx_word' id='word_1_61' title='bbox 523 748 735 798; x_wconf 89' lang='lat' dir='ltr'>multum</span> <span class='ocrx_word' id='word_1_62' title='bbox 773 748 871 798; x_wconf 87' lang='lat' dir='ltr'><strong>VII.</strong></span> <span class='ocrx_word' id='word_1_63' title='bbox 935 776 937 779; x_wconf 95' lang='lat'>·</span> 
     </span>
    </p>

    <p class='ocr_par' dir='ltr' id='par_1_4' title="bbox 95 822 1852 1478">
     <span class='ocr_line' id='line_1_10' title="bbox 244 822 1781 891; baseline 0.003 -19"><span class='ocrx_word' id='word_1_64' title='bbox 244 822 538 888; x_wconf 87' lang='lat' dir='ltr'>cataplasma</span> <span class='ocrx_word' id='word_1_65' title='bbox 599 822 925 888; x_wconf 82' lang='lat' dir='ltr'>dysentericis</span> <span class='ocrx_word' id='word_1_66' title='bbox 987 825 1300 873; x_wconf 79' lang='lat' dir='ltr'>conveniens,</span> <span class='ocrx_word' id='word_1_67' title='bbox 1391 825 1516 874; x_wconf 87' lang='lat' dir='ltr'>mala</span> <span class='ocrx_word' id='word_1_68' title='bbox 1578 826 1781 891; x_wconf 88' lang='lat' dir='ltr'>cydonia</span> 
     </span>
     <span class='ocr_line' id='line_1_11' title="bbox 96 896 1852 965; baseline 0.002 -19"><span class='ocrx_word' id='word_1_69' title='bbox 96 912 305 947; x_wconf 89' lang='lat' dir='ltr'>numero</span> <span class='ocrx_word' id='word_1_70' title='bbox 353 896 414 945; x_wconf 90' lang='lat' dir='ltr'>VI</span> <span class='ocrx_word' id='word_1_71' title='bbox 460 899 511 946; x_wconf 92' lang='lat' dir='ltr'>in</span> <span class='ocrx_word' id='word_1_72' title='bbox 557 903 725 962; x_wconf 92' lang='lat' dir='ltr'>partes</span> <span class='ocrx_word' id='word_1_73' title='bbox 772 896 984 964; x_wconf 83' lang='lat' dir='ltr'>incideS,</span> <span class='ocrx_word' id='word_1_74' title='bbox 1029 899 1241 947; x_wconf 89' lang='lat' dir='ltr'>interius</span> <span class='ocrx_word' id='word_1_75' title='bbox 1286 906 1493 963; x_wconf 88' lang='lat' dir='ltr'>purgata</span> <span class='ocrx_word' id='word_1_76' title='bbox 1538 901 1589 948; x_wconf 90' lang='lat' dir='ltr'>in</span> <span class='ocrx_word' id='word_1_77' title='bbox 1635 915 1785 965; x_wconf 88' lang='lat' dir='ltr'>posca</span> <span class='ocrx_word' id='word_1_78' title='bbox 1810 912 1852 943; x_wconf 85' lang='lat'>10</span> 
     </span>
     <span class='ocr_line' id='line_1_12' title="bbox 96 970 1785 1036; baseline 0.001 -15"><span class='ocrx_word' id='word_1_79' title='bbox 96 986 255 1036; x_wconf 88' lang='lat' dir='ltr'>usque</span> <span class='ocrx_word' id='word_1_80' title='bbox 304 970 363 1020; x_wconf 88' lang='lat' dir='ltr'>ad</span> <span class='ocrx_word' id='word_1_81' title='bbox 411 977 660 1020; x_wconf 89' lang='lat' dir='ltr'>maturum</span> <span class='ocrx_word' id='word_1_82' title='bbox 708 985 892 1035; x_wconf 88' lang='lat' dir='ltr'>coques</span> <span class='ocrx_word' id='word_1_83' title='bbox 941 979 990 1021; x_wconf 90' lang='lat' dir='ltr'>et</span> <span class='ocrx_word' id='word_1_84' title='bbox 1035 970 1296 1036; x_wconf 84' lang='lat' dir='ltr'>diligenter</span> <span class='ocrx_word' id='word_1_85' title='bbox 1341 978 1488 1022; x_wconf 89' lang='lat' dir='ltr'>teres.</span> <span class='ocrx_word' id='word_1_86' title='bbox 1551 973 1697 1023; x_wconf 91' lang='lat' dir='ltr'>simul</span> <span class='ocrx_word' id='word_1_87' title='bbox 1736 981 1785 1023; x_wconf 90' lang='lat' dir='ltr'>et</span> 
     </span>
     <span class='ocr_line' id='line_1_13' title="bbox 96 1043 1784 1111; baseline 0.001 -17"><span class='ocrx_word' id='word_1_88' title='bbox 96 1044 337 1111; x_wconf 87' lang='lat' dir='ltr'>palmulas</span> <span class='ocrx_word' id='word_1_89' title='bbox 367 1059 577 1094; x_wconf 91' lang='lat' dir='ltr'>numero</span> <span class='ocrx_word' id='word_1_90' title='bbox 609 1043 828 1111; x_wconf 91' lang='lat' dir='ltr'><strong>XXXVI,</strong></span> <span class='ocrx_word' id='word_1_91' title='bbox 867 1044 916 1094; x_wconf 91' lang='lat' dir='ltr'>id</span> <span class='ocrx_word' id='word_1_92' title='bbox 956 1051 1033 1094; x_wconf 90' lang='lat' dir='ltr'>est</span> <span class='ocrx_word' id='word_1_93' title='bbox 1070 1047 1121 1094; x_wconf 94' lang='lat' dir='ltr'>in</span> <span class='ocrx_word' id='word_1_94' title='bbox 1159 1060 1257 1095; x_wconf 91' lang='lat' dir='ltr'>una</span> <span class='ocrx_word' id='word_1_95' title='bbox 1296 1045 1374 1095; x_wconf 92' lang='lat' dir='ltr'>die</span> <span class='ocrx_word' id='word_1_96' title='bbox 1406 1045 1495 1094; x_wconf 86' lang='lat' dir='ltr'>XII</span> <span class='ocrx_word' id='word_1_97' title='bbox 1535 1046 1784 1097; x_wconf 84' lang='lat' dir='ltr'>exossabis</span> 
     </span>
     <span class='ocr_line' id='line_1_14' title="bbox 96 1118 1785 1183; baseline 0.001 -15"><span class='ocrx_word' id='word_1_98' title='bbox 96 1125 148 1168; x_wconf 89' lang='lat' dir='ltr'>et</span> <span class='ocrx_word' id='word_1_99' title='bbox 184 1120 236 1168; x_wconf 91' lang='lat' dir='ltr'>in</span> <span class='ocrx_word' id='word_1_100' title='bbox 267 1133 418 1183; x_wconf 89' lang='lat' dir='ltr'>posca</span> <span class='ocrx_word' id='word_1_101' title='bbox 448 1118 675 1168; x_wconf 89' lang='lat' dir='ltr'>similiter</span> <span class='ocrx_word' id='word_1_102' title='bbox 706 1133 892 1183; x_wconf 87' lang='lat' dir='ltr'>coques</span> <span class='ocrx_word' id='word_1_103' title='bbox 924 1126 974 1168; x_wconf 87' lang='lat' dir='ltr'>et</span> <span class='ocrx_word' id='word_1_104' title='bbox 1012 1126 1146 1168; x_wconf 91' lang='lat' dir='ltr'>teres</span> <span class='ocrx_word' id='word_1_105' title='bbox 1187 1125 1237 1168; x_wconf 92' lang='lat' dir='ltr'>et</span> <span class='ocrx_word' id='word_1_106' title='bbox 1274 1118 1424 1168; x_wconf 89' lang='lat' dir='ltr'>addes</span> <span class='ocrx_word' id='word_1_107' title='bbox 1463 1119 1635 1170; x_wconf 88' lang='lat' dir='ltr'>caduci</span> <span class='ocrx_word' id='word_1_108' title='bbox 1670 1121 1785 1170; x_wconf 88' lang='lat' dir='ltr'>mali</span> 
     </span>
     <span class='ocr_line' id='line_1_15' title="bbox 95 1190 1784 1259; baseline 0.002 -18"><span class='ocrx_word' id='word_1_109' title='bbox 95 1194 287 1257; x_wconf 82' lang='lat' dir='ltr'>granati</span> <span class='ocrx_word' id='word_1_110' title='bbox 326 1198 377 1241; x_wconf 88' lang='lat' dir='ltr'>et</span> <span class='ocrx_word' id='word_1_111' title='bbox 415 1193 606 1241; x_wconf 89' lang='lat' dir='ltr'>acaciae</span> <span class='ocrx_word' id='word_1_112' title='bbox 638 1203 698 1242; x_wconf 81' lang='lat'>÷</span> <span class='ocrx_word' id='word_1_113' title='bbox 731 1191 820 1259; x_wconf 88' lang='lat' dir='ltr'>III,</span> <span class='ocrx_word' id='word_1_114' title='bbox 859 1194 1090 1242; x_wconf 86' lang='lat' dir='ltr'>mastices</span> <span class='ocrx_word' id='word_1_115' title='bbox 1129 1190 1164 1246; x_wconf 82' lang='grc'>5</span> <span class='ocrx_word' id='word_1_116' title='bbox 1201 1192 1267 1258; x_wconf 92' lang='grc' dir='ltr'>ΙΙ,</span> <span class='ocrx_word' id='word_1_117' title='bbox 1306 1192 1438 1242; x_wconf 90' lang='lat' dir='ltr'>aloes</span> <span class='ocrx_word' id='word_1_118' title='bbox 1470 1199 1520 1242; x_wconf 89' lang='lat' dir='ltr'>et</span> <span class='ocrx_word' id='word_1_119' title='bbox 1558 1193 1784 1244; x_wconf 86' lang='lat' dir='ltr'>aluminis</span> 
     </span>
     <span class='ocr_line' id='line_1_16' title="bbox 96 1264 1852 1333; baseline 0.001 -18"><span class='ocrx_word' id='word_1_120' title='bbox 96 1266 238 1332; x_wconf 88' lang='lat' dir='ltr'>lipari</span> <span class='ocrx_word' id='word_1_121' title='bbox 277 1264 327 1315; x_wconf 90' lang='lat' dir='ltr'>id</span> <span class='ocrx_word' id='word_1_122' title='bbox 368 1273 444 1315; x_wconf 88' lang='lat' dir='ltr'>est</span> <span class='ocrx_word' id='word_1_123' title='bbox 481 1265 655 1330; x_wconf 87' lang='lat' dir='ltr'>liquidi</span> <span class='ocrx_word' id='word_1_124' title='bbox 694 1276 752 1316; x_wconf 75' lang='lat'>—2—</span> <span class='ocrx_word' id='word_1_125' title='bbox 792 1266 1009 1332; x_wconf 87' lang='lat' dir='ltr'>singulas</span> <span class='ocrx_word' id='word_1_126' title='bbox 1050 1273 1099 1315; x_wconf 90' lang='lat' dir='ltr'>et</span> <span class='ocrx_word' id='word_1_127' title='bbox 1137 1267 1309 1332; x_wconf 85' lang='lat' dir='ltr'>semiS,</span> <span class='ocrx_word' id='word_1_128' title='bbox 1347 1281 1435 1315; x_wconf 87' lang='lat' dir='ltr'>rus</span> <span class='ocrx_word' id='word_1_129' title='bbox 1475 1268 1652 1331; x_wconf 84' lang='lat' dir='ltr'>syriaci</span> <span class='ocrx_word' id='word_1_130' title='bbox 1682 1268 1717 1323; x_wconf 80' lang='grc'>5</span> <span class='ocrx_word' id='word_1_131' title='bbox 1748 1267 1784 1333; x_wconf 89' lang='lat' dir='ltr'>l,</span> <span class='ocrx_word' id='word_1_132' title='bbox 1811 1279 1852 1311; x_wconf 82' lang='lat'>15</span> 
     </span>
     <span class='ocr_line' id='line_1_17' title="bbox 96 1338 1785 1405; baseline 0.001 -17"><span class='ocrx_word' id='word_1_133' title='bbox 96 1339 294 1405; x_wconf 87' lang='lat' dir='ltr'>pollinis</span> <span class='ocrx_word' id='word_1_134' title='bbox 332 1339 560 1405; x_wconf 87' lang='lat' dir='ltr'>polentae</span> <span class='ocrx_word' id='word_1_135' title='bbox 599 1345 766 1405; x_wconf 89' lang='lat' dir='ltr'>partes</span> <span class='ocrx_word' id='word_1_136' title='bbox 805 1339 894 1405; x_wconf 92' lang='lat' dir='ltr'>III,</span> <span class='ocrx_word' id='word_1_137' title='bbox 934 1346 984 1389; x_wconf 92' lang='lat' dir='ltr'>et</span> <span class='ocrx_word' id='word_1_138' title='bbox 1021 1338 1283 1389; x_wconf 90' lang='lat' dir='ltr'>lenticulae</span> <span class='ocrx_word' id='word_1_139' title='bbox 1322 1346 1513 1405; x_wconf 90' lang='lat' dir='ltr'>partem</span> <span class='ocrx_word' id='word_1_140' title='bbox 1552 1339 1588 1403; x_wconf 90' lang='grc' dir='ltr'>Ι,</span> <span class='ocrx_word' id='word_1_141' title='bbox 1628 1340 1785 1390; x_wconf 90' lang='lat' dir='ltr'>mellis</span> 
     </span>
     <span class='ocr_line' id='line_1_18' title="bbox 97 1379 1076 1478; baseline 0 -16"><span class='ocrx_word' id='word_1_142' title='bbox 97 1420 148 1463; x_wconf 91' lang='lat' dir='ltr'>et</span> <span class='ocrx_word' id='word_1_143' title='bbox 186 1415 314 1463; x_wconf 89' lang='lat' dir='ltr'>aceti</span> <span class='ocrx_word' id='word_1_144' title='bbox 353 1419 403 1462; x_wconf 93' lang='lat' dir='ltr'>et</span> <span class='ocrx_word' id='word_1_145' title='bbox 441 1428 596 1478; x_wconf 90' lang='lat' dir='ltr'>aquae</span> <span class='ocrx_word' id='word_1_146' title='bbox 636 1412 768 1478; x_wconf 87' lang='lat' dir='ltr'>quod</span> <span class='ocrx_word' id='word_1_147' title='bbox 810 1379 1076 1463; x_wconf 68' lang='lat' dir='ltr'>suffecerit.</span> 
     </span>
    </p>

    <p class='ocr_par' dir='ltr' id='par_1_5' title="bbox 98 1486 1852 1922">
     <span class='ocr_line' id='line_1_19' title="bbox 246 1486 1786 1552; baseline 0 -16"><span class='ocrx_word' id='word_1_148' title='bbox 246 1486 482 1552; x_wconf 87' lang='lat' dir='ltr'>epithima</span> <span class='ocrx_word' id='word_1_149' title='bbox 527 1486 956 1552; x_wconf 89' lang='lat' dir='ltr'>dysentericorum</span> <span class='ocrx_word' id='word_1_150' title='bbox 1001 1486 1081 1536; x_wconf 90' lang='lat' dir='ltr'>dia</span> <span class='ocrx_word' id='word_1_151' title='bbox 1125 1487 1307 1536; x_wconf 87' lang='lat' dir='ltr'>finicon</span> <span class='ocrx_word' id='word_1_152' title='bbox 1353 1486 1649 1552; x_wconf 90' lang='lat' dir='ltr'>appellatum</span> <span class='ocrx_word' id='word_1_153' title='bbox 1687 1502 1786 1536; x_wconf 93' lang='lat' dir='ltr'>non</span> 
     </span>
     <span class='ocr_line' id='line_1_20' title="bbox 99 1560 1786 1625; baseline -0.001 -15"><span class='ocrx_word' id='word_1_154' title='bbox 99 1560 259 1611; x_wconf 90' lang='lat' dir='ltr'>solum</span> <span class='ocrx_word' id='word_1_155' title='bbox 290 1560 350 1610; x_wconf 93' lang='lat' dir='ltr'>ad</span> <span class='ocrx_word' id='word_1_156' title='bbox 397 1560 729 1625; x_wconf 86' lang='lat' dir='ltr'>dysenteriam</span> <span class='ocrx_word' id='word_1_157' title='bbox 779 1561 965 1611; x_wconf 88' lang='lat' dir='ltr'>faciens</span> <span class='ocrx_word' id='word_1_158' title='bbox 1004 1575 1177 1610; x_wconf 90' lang='lat' dir='ltr'>verum</span> <span class='ocrx_word' id='word_1_159' title='bbox 1216 1562 1362 1610; x_wconf 90' lang='lat' dir='ltr'>etiam</span> <span class='ocrx_word' id='word_1_160' title='bbox 1403 1566 1453 1610; x_wconf 90' lang='lat' dir='ltr'>et</span> <span class='ocrx_word' id='word_1_161' title='bbox 1491 1560 1786 1611; x_wconf 89' lang='lat' dir='ltr'>solutionem</span> 
     </span>
     <span class='ocr_line' id='line_1_21' title="bbox 98 1633 1852 1699; baseline -0.002 -16"><span class='ocrx_word' id='word_1_162' title='bbox 98 1636 286 1685; x_wconf 89' lang='lat' dir='ltr'>ventris</span> <span class='ocrx_word' id='word_1_163' title='bbox 325 1642 375 1684; x_wconf 92' lang='lat' dir='ltr'>et</span> <span class='ocrx_word' id='word_1_164' title='bbox 413 1633 653 1684; x_wconf 88' lang='lat' dir='ltr'>stomachi</span> <span class='ocrx_word' id='word_1_165' title='bbox 691 1650 747 1683; x_wconf 93' lang='lat' dir='ltr'>ac</span> <span class='ocrx_word' id='word_1_166' title='bbox 785 1634 1034 1699; x_wconf 89' lang='lat' dir='ltr'>pulmonis</span> <span class='ocrx_word' id='word_1_167' title='bbox 1073 1640 1124 1683; x_wconf 90' lang='lat' dir='ltr'>et</span> <span class='ocrx_word' id='word_1_168' title='bbox 1158 1636 1378 1683; x_wconf 91' lang='lat' dir='ltr'>omnium</span> <span class='ocrx_word' id='word_1_169' title='bbox 1417 1635 1786 1684; x_wconf 84' lang='lat' dir='ltr'>interaneorum</span> <span class='ocrx_word' id='word_1_170' title='bbox 1810 1647 1852 1679; x_wconf 78' lang='lat'>20</span> 
     </span>
     <span class='ocr_line' id='line_1_22' title="bbox 98 1706 1784 1773; baseline -0.001 -15"><span class='ocrx_word' id='word_1_171' title='bbox 98 1710 473 1759; x_wconf 88' lang='lat' dir='ltr'>reumatismum</span> <span class='ocrx_word' id='word_1_172' title='bbox 513 1723 848 1773; x_wconf 73' lang='lat' dir='ltr'>compescens</span> <span class='ocrx_word' id='word_1_173' title='bbox 917 1709 1094 1772; x_wconf 88' lang='lat' dir='ltr'>recipit</span> <span class='ocrx_word' id='word_1_174' title='bbox 1140 1713 1306 1756; x_wconf 90' lang='lat' dir='ltr'>autem</span> <span class='ocrx_word' id='word_1_175' title='bbox 1350 1706 1673 1772; x_wconf 89' lang='lat' dir='ltr'>palmularum</span> <span class='ocrx_word' id='word_1_176' title='bbox 1713 1709 1784 1757; x_wconf 91' lang='lat' dir='ltr'>ni-</span> 
     </span>
     <span class='ocr_line' id='line_1_23' title="bbox 99 1780 1786 1848; baseline -0.001 -17"><span class='ocrx_word' id='word_1_177' title='bbox 99 1782 351 1832; x_wconf 92' lang='lat' dir='ltr'>colaorum</span> <span class='ocrx_word' id='word_1_178' title='bbox 398 1783 622 1831; x_wconf 92' lang='lat' dir='ltr'>carnium</span> <span class='ocrx_word' id='word_1_179' title='bbox 676 1793 735 1833; x_wconf 87' lang='lat'>—:-</span> <span class='ocrx_word' id='word_1_180' title='bbox 790 1781 856 1848; x_wconf 88' lang='grc' dir='ltr'>ΙΙ,</span> <span class='ocrx_word' id='word_1_181' title='bbox 906 1783 1119 1847; x_wconf 80' lang='lat' dir='ltr'>acaciae,</span> <span class='ocrx_word' id='word_1_182' title='bbox 1166 1780 1394 1830; x_wconf 90' lang='lat' dir='ltr'>aluminis</span> <span class='ocrx_word' id='word_1_183' title='bbox 1442 1782 1605 1848; x_wconf 86' lang='lat' dir='ltr'>scissi,</span> <span class='ocrx_word' id='word_1_184' title='bbox 1659 1783 1786 1831; x_wconf 87' lang='lat' dir='ltr'>turis</span> 
     </span>
     <span class='ocr_line' id='line_1_24' title="bbox 102 1853 1786 1922; baseline -0.001 -17"><span class='ocrx_word' id='word_1_185' title='bbox 102 1855 328 1922; x_wconf 90' lang='lat' dir='ltr'>masculi,</span> <span class='ocrx_word' id='word_1_186' title='bbox 382 1857 635 1921; x_wconf 77' lang='lat' dir='ltr'>masticeS‚</span> <span class='ocrx_word' id='word_1_187' title='bbox 690 1856 889 1905; x_wconf 88' lang='lat' dir='ltr'>corticis</span> <span class='ocrx_word' id='word_1_188' title='bbox 944 1861 1197 1921; x_wconf 84' lang='lat' dir='ltr'>granatae,</span> <span class='ocrx_word' id='word_1_189' title='bbox 1250 1853 1610 1919; x_wconf 90' lang='lat' dir='ltr'>hypoquistidis</span> <span class='ocrx_word' id='word_1_190' title='bbox 1664 1857 1786 1920; x_wconf 85' lang='lat' dir='ltr'>suci,</span> 
     </span>
    </p>
   </div>
   <div class='ocr_carea' id='block_1_3' title="bbox 95 2051 1789 2881">
    <p class='ocr_par' dir='ltr' id='par_1_6' title="bbox 95 2051 1789 2881">
     <span class='ocr_line' id='line_1_25' title="bbox 224 2051 1786 2114; baseline 0 -14"><span class='ocrx_word' id='word_1_191' title='bbox 224 2062 245 2100; x_wconf 87' lang='lat'>1</span> <span class='ocrx_word' id='word_1_192' title='bbox 288 2057 438 2102; x_wconf 78' lang='lat' dir='ltr'>estate</span> <span class='ocrx_word' id='word_1_193' title='bbox 477 2057 597 2101; x_wconf 81' lang='lat' dir='ltr'>Petr</span> <span class='ocrx_word' id='word_1_194' title='bbox 622 2069 672 2114; x_wconf 92' lang='grc' dir='ltr'>Ρ.</span> <span class='ocrx_word' id='word_1_195' title='bbox 704 2059 815 2102; x_wconf 77' lang='grc'><strong>270.</strong></span> <span class='ocrx_word' id='word_1_196' title='bbox 997 2056 1208 2114; x_wconf 81' lang='lat' dir='ltr'>vergenti</span> <span class='ocrx_word' id='word_1_197' title='bbox 1247 2069 1290 2101; x_wconf 83' lang='lat' dir='ltr'>e.</span> <span class='ocrx_word' id='word_1_198' title='bbox 1330 2051 1446 2101; x_wconf 62' lang='lat' dir='ltr'>&amp;teti</span> <span class='ocrx_word' id='word_1_199' title='bbox 1476 2055 1711 2111; x_wconf 76' lang='lat' dir='ltr'>(vertenti)</span> <span class='ocrx_word' id='word_1_200' title='bbox 1735 2069 1786 2111; x_wconf 90' lang='grc' dir='ltr'><strong>Ρ,</strong></span> 
     </span>
     <span class='ocr_line' id='line_1_26' title="bbox 102 2114 1786 2181; baseline -0.001 -21"><span class='ocrx_word' id='word_1_201' title='bbox 102 2114 288 2173; x_wconf 77' lang='lat' dir='ltr'>mgenti</span> <span class='ocrx_word' id='word_1_202' title='bbox 317 2129 463 2172; x_wconf 78' lang='lat' dir='ltr'>supra</span> <span class='ocrx_word' id='word_1_203' title='bbox 484 2120 555 2172; x_wconf 58' lang='grc' dir='ltr'>ΡΟ.</span> <span class='ocrx_word' id='word_1_204' title='bbox 678 2119 705 2159; x_wconf 89' lang='grc'><strong>2</strong></span> <span class='ocrx_word' id='word_1_205' title='bbox 738 2114 891 2159; x_wconf 84' lang='lat' dir='ltr'>curari</span> <span class='ocrx_word' id='word_1_206' title='bbox 920 2127 989 2171; x_wconf 76' lang='lat' dir='ltr'>cp.</span> <span class='ocrx_word' id='word_1_207' title='bbox 1110 2120 1139 2159; x_wconf 85' lang='lat'>4</span> <span class='ocrx_word' id='word_1_208' title='bbox 1170 2114 1410 2172; x_wconf 79' lang='lat' dir='ltr'>catapocio</span> <span class='ocrx_word' id='word_1_209' title='bbox 1443 2128 1486 2169; x_wconf 85' lang='lat' dir='ltr'>c,</span> <span class='ocrx_word' id='word_1_210' title='bbox 1523 2114 1712 2181; x_wconf 79' lang='lat' dir='ltr'>—putie</span> <span class='ocrx_word' id='word_1_211' title='bbox 1735 2128 1786 2170; x_wconf 90' lang='grc' dir='ltr'>Ρ.</span> 
     </span>
     <span class='ocr_line' id='line_1_27' title="bbox 101 2172 1786 2242; baseline -0.001 -23"><span class='ocrx_word' id='word_1_212' title='bbox 101 2174 328 2242; x_wconf 84' lang='lat' dir='ltr'>quiliacos</span> <span class='ocrx_word' id='word_1_213' title='bbox 350 2189 401 2231; x_wconf 94' lang='grc' dir='ltr'>Ρ.</span> <span class='ocrx_word' id='word_1_214' title='bbox 552 2179 578 2219; x_wconf 89' lang='lat'>5</span> <span class='ocrx_word' id='word_1_215' title='bbox 611 2179 641 2225; x_wconf 84' lang='grc'>5</span> <span class='ocrx_word' id='word_1_216' title='bbox 671 2175 706 2218; x_wconf 92' lang='grc' dir='ltr'>Ι.</span> <span class='ocrx_word' id='word_1_217' title='bbox 731 2188 790 2231; x_wconf 76' lang='lat' dir='ltr'>p:</span> <span class='ocrx_word' id='word_1_218' title='bbox 821 2178 852 2225; x_wconf 83' lang='grc'>5</span> <span class='ocrx_word' id='word_1_219' title='bbox 882 2174 936 2217; x_wconf 88' lang='grc' dir='ltr'><strong>ΙΙ.</strong></span> <span class='ocrx_word' id='word_1_220' title='bbox 970 2188 1006 2218; x_wconf 81' lang='lat' dir='ltr'>c.</span> <span class='ocrx_word' id='word_1_221' title='bbox 1128 2174 1322 2231; x_wconf 83' lang='lat' dir='ltr'>colliges</span> <span class='ocrx_word' id='word_1_222' title='bbox 1347 2188 1406 2230; x_wconf 92' lang='grc' dir='ltr'>Ρ·</span> <span class='ocrx_word' id='word_1_223' title='bbox 1444 2172 1572 2230; x_wconf 87' lang='lat' dir='ltr'>——gis</span> <span class='ocrx_word' id='word_1_224' title='bbox 1602 2186 1639 2218; x_wconf 81' lang='lat' dir='ltr'>e.</span> <span class='ocrx_word' id='word_1_225' title='bbox 1760 2178 1786 2217; x_wconf 89' lang='grc'>6</span> 
     </span>
     <span class='ocr_line' id='line_1_28' title="bbox 101 2232 1786 2291; baseline -0.002 -12"><span class='ocrx_word' id='word_1_226' title='bbox 101 2233 368 2291; x_wconf 81' lang='lat' dir='ltr'>catapocias</span> <span class='ocrx_word' id='word_1_227' title='bbox 399 2247 445 2290; x_wconf 85' lang='lat' dir='ltr'>c,</span> <span class='ocrx_word' id='word_1_228' title='bbox 478 2233 690 2290; x_wconf 79' lang='lat' dir='ltr'>—putias</span> <span class='ocrx_word' id='word_1_229' title='bbox 713 2245 765 2290; x_wconf 90' lang='grc' dir='ltr'>Ρ.</span> <span class='ocrx_word' id='word_1_230' title='bbox 945 2232 1060 2277; x_wconf 83' lang='lat' dir='ltr'>facis</span> <span class='ocrx_word' id='word_1_231' title='bbox 1099 2246 1168 2289; x_wconf 81' lang='lat' dir='ltr'>cp.</span> <span class='ocrx_word' id='word_1_232' title='bbox 1348 2232 1482 2278; x_wconf 88' lang='lat' dir='ltr'>herbi</span> <span class='ocrx_word' id='word_1_233' title='bbox 1514 2232 1623 2288; x_wconf 87' lang='lat' dir='ltr'>(her</span> <span class='ocrx_word' id='word_1_234' title='bbox 1646 2232 1687 2288; x_wconf 88' lang='lat' dir='ltr'>c)</span> <span class='ocrx_word' id='word_1_235' title='bbox 1718 2245 1786 2288; x_wconf 77' lang='grc' dir='ltr'>οΡ.</span> 
     </span>
     <span class='ocr_line' id='line_1_29' title="bbox 102 2291 1789 2349; baseline -0.002 -12"><span class='ocrx_word' id='word_1_236' title='bbox 102 2307 132 2337; x_wconf 88' lang='lat' dir='ltr'>a.</span> <span class='ocrx_word' id='word_1_237' title='bbox 163 2306 254 2349; x_wconf 90' lang='lat' dir='ltr'>quo</span> <span class='ocrx_word' id='word_1_238' title='bbox 285 2292 418 2337; x_wconf 84' lang='lat' dir='ltr'>dabis</span> <span class='ocrx_word' id='word_1_239' title='bbox 450 2292 637 2337; x_wconf 89' lang='lat' dir='ltr'>conficis</span> <span class='ocrx_word' id='word_1_240' title='bbox 669 2292 804 2337; x_wconf 81' lang='lat' dir='ltr'>dabis</span> <span class='ocrx_word' id='word_1_241' title='bbox 836 2307 872 2347; x_wconf 86' lang='lat' dir='ltr'>c,</span> <span class='ocrx_word' id='word_1_242' title='bbox 905 2306 1028 2348; x_wconf 84' lang='lat' dir='ltr'>aqua</span> <span class='ocrx_word' id='word_1_243' title='bbox 1059 2291 1245 2337; x_wconf 82' lang='lat' dir='ltr'>conficis</span> <span class='ocrx_word' id='word_1_244' title='bbox 1276 2291 1465 2348; x_wconf 76' lang='lat' dir='ltr'>dabisp</span> <span class='ocrx_word' id='word_1_245' title='bbox 1602 2296 1627 2336; x_wconf 84' lang='lat'><strong>7</strong></span> <span class='ocrx_word' id='word_1_246' title='bbox 1659 2291 1789 2335; x_wconf 80' lang='lat' dir='ltr'>eunti</span> 
     </span>
     <span class='ocr_line' id='line_1_30' title="bbox 102 2349 1787 2408; baseline -0.002 -12"><span class='ocrx_word' id='word_1_247' title='bbox 102 2351 442 2397; x_wconf 77' lang='lat' dir='ltr'>dormientibus</span> <span class='ocrx_word' id='word_1_248' title='bbox 471 2353 577 2407; x_wconf 81' lang='lat' dir='ltr'>(sic)</span> <span class='ocrx_word' id='word_1_249' title='bbox 608 2365 656 2397; x_wconf 74' lang='lat' dir='ltr'>cz</span> <span class='ocrx_word' id='word_1_250' title='bbox 696 2351 1032 2396; x_wconf 74' lang='lat' dir='ltr'>dormientibus</span> <span class='ocrx_word' id='word_1_251' title='bbox 1062 2365 1114 2408; x_wconf 90' lang='grc' dir='ltr'>Ρ.</span> <span class='ocrx_word' id='word_1_252' title='bbox 1265 2356 1292 2396; x_wconf 91' lang='grc'>8</span> <span class='ocrx_word' id='word_1_253' title='bbox 1325 2356 1366 2396; x_wconf 66' lang='lat' dir='ltr'>a„</span> <span class='ocrx_word' id='word_1_254' title='bbox 1398 2350 1596 2394; x_wconf 64' lang='lat' dir='ltr'>multum</span> <span class='ocrx_word' id='word_1_255' title='bbox 1628 2349 1714 2393; x_wconf 93' lang='lat' dir='ltr'>VII</span> <span class='ocrx_word' id='word_1_256' title='bbox 1736 2363 1787 2405; x_wconf 89' lang='grc' dir='ltr'>Ρ,</span> 
     </span>
     <span class='ocr_line' id='line_1_31' title="bbox 102 2409 1784 2467; baseline -0.003 -12"><span class='ocrx_word' id='word_1_257' title='bbox 102 2413 187 2455; x_wconf 82' lang='lat' dir='ltr'>aut</span> <span class='ocrx_word' id='word_1_258' title='bbox 215 2410 416 2456; x_wconf 77' lang='lat' dir='ltr'>multum</span> <span class='ocrx_word' id='word_1_259' title='bbox 446 2410 558 2455; x_wconf 93' lang='lat' dir='ltr'><strong>VIII</strong></span> <span class='ocrx_word' id='word_1_260' title='bbox 589 2425 625 2456; x_wconf 87' lang='lat' dir='ltr'>c.</span> <span class='ocrx_word' id='word_1_261' title='bbox 747 2416 773 2455; x_wconf 84' lang='lat'>9</span> <span class='ocrx_word' id='word_1_262' title='bbox 808 2409 983 2455; x_wconf 81' lang='lat' dir='ltr'>citonia</span> <span class='ocrx_word' id='word_1_263' title='bbox 998 2424 1049 2467; x_wconf 92' lang='grc' dir='ltr'>Ρ.</span> <span class='ocrx_word' id='word_1_264' title='bbox 1172 2414 1227 2454; x_wconf 90' lang='grc'>10</span> <span class='ocrx_word' id='word_1_265' title='bbox 1258 2413 1350 2454; x_wconf 73' lang='lat' dir='ltr'>nuo</span> <span class='ocrx_word' id='word_1_266' title='bbox 1383 2424 1427 2454; x_wconf 82' lang='lat' dir='ltr'>e:</span> <span class='ocrx_word' id='word_1_267' title='bbox 1458 2421 1542 2454; x_wconf 86' lang='lat' dir='ltr'>om.</span> <span class='ocrx_word' id='word_1_268' title='bbox 1558 2422 1608 2465; x_wconf 91' lang='grc' dir='ltr'><strong>Ρ.</strong></span> <span class='ocrx_word' id='word_1_269' title='bbox 1733 2413 1784 2451; x_wconf 88' lang='grc'>11</span> 
     </span>
     <span class='ocr_line' id='line_1_32' title="bbox 104 2468 1788 2527; baseline -0.002 -14"><span class='ocrx_word' id='word_1_270' title='bbox 104 2471 277 2519; x_wconf 66' lang='lat' dir='ltr'>matun</span> <span class='ocrx_word' id='word_1_271' title='bbox 304 2470 412 2525; x_wconf 78' lang='lat' dir='ltr'>(sic)</span> <span class='ocrx_word' id='word_1_272' title='bbox 442 2483 509 2526; x_wconf 81' lang='grc' dir='ltr'>οΡ.</span> <span class='ocrx_word' id='word_1_273' title='bbox 662 2469 801 2515; x_wconf 81' lang='lat' dir='ltr'>simul</span> <span class='ocrx_word' id='word_1_274' title='bbox 825 2483 881 2527; x_wconf 78' lang='lat' dir='ltr'>p:</span> <span class='ocrx_word' id='word_1_275' title='bbox 915 2468 1129 2514; x_wconf 71' lang='lat' dir='ltr'>similiter</span> <span class='ocrx_word' id='word_1_276' title='bbox 1159 2483 1195 2514; x_wconf 81' lang='lat' dir='ltr'>c.</span> <span class='ocrx_word' id='word_1_277' title='bbox 1346 2473 1399 2513; x_wconf 85' lang='lat'>12</span> <span class='ocrx_word' id='word_1_278' title='bbox 1429 2472 1521 2512; x_wconf 71' lang='lat' dir='ltr'>nuo</span> <span class='ocrx_word' id='word_1_279' title='bbox 1552 2480 1596 2512; x_wconf 80' lang='lat' dir='ltr'>c:</span> <span class='ocrx_word' id='word_1_280' title='bbox 1627 2479 1710 2512; x_wconf 88' lang='lat' dir='ltr'>om.</span> <span class='ocrx_word' id='word_1_281' title='bbox 1736 2480 1788 2522; x_wconf 88' lang='grc' dir='ltr'>Ρ.</span> 
     </span>
     <span class='ocr_line' id='line_1_33' title="bbox 95 2526 1786 2587; baseline -0.002 -14"><span class='ocrx_word' id='word_1_282' title='bbox 95 2542 291 2587; x_wconf 15' lang='lat' dir='ltr'>‘exossas</span> <span class='ocrx_word' id='word_1_283' title='bbox 321 2542 366 2583; x_wconf 82' lang='lat' dir='ltr'>c,</span> <span class='ocrx_word' id='word_1_284' title='bbox 397 2541 560 2573; x_wconf 82' lang='lat' dir='ltr'>exossa</span> <span class='ocrx_word' id='word_1_285' title='bbox 582 2541 633 2586; x_wconf 94' lang='grc' dir='ltr'><strong>Ρ.</strong></span> <span class='ocrx_word' id='word_1_286' title='bbox 758 2533 812 2573; x_wconf 91' lang='grc'>13</span> <span class='ocrx_word' id='word_1_287' title='bbox 845 2531 894 2573; x_wconf 81' lang='lat' dir='ltr'>et</span> <span class='ocrx_word' id='word_1_288' title='bbox 924 2528 990 2584; x_wconf 91' lang='lat' dir='ltr'>(in</span> <span class='ocrx_word' id='word_1_289' title='bbox 1020 2529 1106 2585; x_wconf 88' lang='lat' dir='ltr'>p.):</span> <span class='ocrx_word' id='word_1_290' title='bbox 1148 2528 1229 2572; x_wconf 83' lang='lat' dir='ltr'>sed</span> <span class='ocrx_word' id='word_1_291' title='bbox 1258 2541 1325 2584; x_wconf 79' lang='grc' dir='ltr'>οΡ.</span> <span class='ocrx_word' id='word_1_292' title='bbox 1458 2526 1682 2571; x_wconf 88' lang='lat' dir='ltr'>caducum</span> <span class='ocrx_word' id='word_1_293' title='bbox 1718 2538 1786 2582; x_wconf 78' lang='lat' dir='ltr'>ep.</span> 
     </span>
     <span class='ocr_line' id='line_1_34' title="bbox 103 2584 1786 2655; baseline -0.002 -23"><span class='ocrx_word' id='word_1_294' title='bbox 103 2587 220 2632; x_wconf 86' lang='lat' dir='ltr'>mali</span> <span class='ocrx_word' id='word_1_295' title='bbox 242 2586 430 2644; x_wconf 80' lang='lat' dir='ltr'>granati</span> <span class='ocrx_word' id='word_1_296' title='bbox 453 2600 495 2631; x_wconf 88' lang='lat' dir='ltr'>c:</span> <span class='ocrx_word' id='word_1_297' title='bbox 520 2589 716 2655; x_wconf 82' lang='lat' dir='ltr'>grauate</span> <span class='ocrx_word' id='word_1_298' title='bbox 732 2602 782 2644; x_wconf 92' lang='grc' dir='ltr'>Ρ.</span> <span class='ocrx_word' id='word_1_299' title='bbox 894 2593 948 2632; x_wconf 88' lang='grc'>14</span> <span class='ocrx_word' id='word_1_300' title='bbox 976 2588 1098 2643; x_wconf 78' lang='lat' dir='ltr'>(item</span> <span class='ocrx_word' id='word_1_301' title='bbox 1121 2588 1196 2643; x_wconf 87' lang='grc'>23)</span> <span class='ocrx_word' id='word_1_302' title='bbox 1219 2587 1386 2632; x_wconf 72' lang='lat' dir='ltr'>mastie</span> <span class='ocrx_word' id='word_1_303' title='bbox 1416 2599 1485 2642; x_wconf 75' lang='lat' dir='ltr'>cp.</span> <span class='ocrx_word' id='word_1_304' title='bbox 1590 2584 1725 2629; x_wconf 86' lang='lat' dir='ltr'>aloen</span> <span class='ocrx_word' id='word_1_305' title='bbox 1749 2597 1786 2637; x_wconf 85' lang='lat' dir='ltr'>c,</span> 
     </span>
     <span class='ocr_line' id='line_1_35' title="bbox 105 2643 1784 2704; baseline -0.002 -14"><span class='ocrx_word' id='word_1_306' title='bbox 105 2647 209 2691; x_wconf 83' lang='lat' dir='ltr'>aloe</span> <span class='ocrx_word' id='word_1_307' title='bbox 235 2660 289 2702; x_wconf 90' lang='grc' dir='ltr'><strong>Ρ.</strong></span> <span class='ocrx_word' id='word_1_308' title='bbox 443 2650 497 2691; x_wconf 82' lang='lat'>15</span> <span class='ocrx_word' id='word_1_309' title='bbox 534 2645 692 2704; x_wconf 74' lang='lat' dir='ltr'>liparii</span> <span class='ocrx_word' id='word_1_310' title='bbox 725 2660 774 2704; x_wconf 92' lang='grc' dir='ltr'>Ρ.</span> <span class='ocrx_word' id='word_1_311' title='bbox 926 2646 1133 2702; x_wconf 82' lang='lat' dir='ltr'>singulas</span> <span class='ocrx_word' id='word_1_312' title='bbox 1172 2647 1220 2690; x_wconf 79' lang='lat' dir='ltr'>et</span> <span class='ocrx_word' id='word_1_313' title='bbox 1259 2645 1288 2689; x_wconf 77' lang='lat' dir='ltr'>S</span> <span class='ocrx_word' id='word_1_314' title='bbox 1332 2659 1378 2702; x_wconf 84' lang='lat' dir='ltr'>c,</span> <span class='ocrx_word' id='word_1_315' title='bbox 1420 2645 1455 2689; x_wconf 91' lang='lat' dir='ltr'>I.</span> <span class='ocrx_word' id='word_1_316' title='bbox 1496 2643 1525 2687; x_wconf 68' lang='lat' dir='ltr'>S</span> <span class='ocrx_word' id='word_1_317' title='bbox 1557 2647 1784 2700; x_wconf 84' lang='grc' dir='ltr'>Ρ.1’1</span> 
     </span>
     <span class='ocr_line' id='line_1_36' title="bbox 107 2703 1786 2763; baseline -0.002 -14"><span class='ocrx_word' id='word_1_318' title='bbox 107 2704 278 2750; x_wconf 74' lang='lat' dir='ltr'>sufficit</span> <span class='ocrx_word' id='word_1_319' title='bbox 307 2718 374 2762; x_wconf 78' lang='lat' dir='ltr'>ep.</span> <span class='ocrx_word' id='word_1_320' title='bbox 526 2710 580 2749; x_wconf 89' lang='grc'>21</span> <span class='ocrx_word' id='word_1_321' title='bbox 615 2706 866 2762; x_wconf 79' lang='lat' dir='ltr'>conpescet</span> <span class='ocrx_word' id='word_1_322' title='bbox 894 2719 954 2763; x_wconf 93' lang='grc' dir='ltr'><strong>Ρ,</strong></span> <span class='ocrx_word' id='word_1_323' title='bbox 992 2705 1172 2750; x_wconf 79' lang='lat' dir='ltr'>—citc</span> <span class='ocrx_word' id='word_1_324' title='bbox 1334 2707 1376 2758; x_wconf 60' lang='lat' dir='ltr'>Ii&lt;</span> <span class='ocrx_word' id='word_1_325' title='bbox 1412 2717 1480 2759; x_wconf 81' lang='lat' dir='ltr'>ep.</span> <span class='ocrx_word' id='word_1_326' title='bbox 1629 2703 1786 2747; x_wconf 80' lang='lat' dir='ltr'>autem</span> 
     </span>
     <span class='ocr_line' id='line_1_37' title="bbox 104 2762 1785 2821; baseline -0.002 -13"><span class='ocrx_word' id='word_1_327' title='bbox 104 2777 190 2809; x_wconf 83' lang='lat' dir='ltr'>om.</span> <span class='ocrx_word' id='word_1_328' title='bbox 217 2778 267 2820; x_wconf 91' lang='grc' dir='ltr'>Ρ.</span> <span class='ocrx_word' id='word_1_329' title='bbox 388 2769 444 2808; x_wconf 91' lang='grc'>22</span> <span class='ocrx_word' id='word_1_330' title='bbox 478 2764 614 2808; x_wconf 71' lang='lat' dir='ltr'>conisi</span> <span class='ocrx_word' id='word_1_331' title='bbox 637 2777 689 2821; x_wconf 91' lang='grc' dir='ltr'><strong>Ρ,</strong></span> <span class='ocrx_word' id='word_1_332' title='bbox 722 2777 882 2809; x_wconf 84' lang='lat' dir='ltr'>carnes</span> <span class='ocrx_word' id='word_1_333' title='bbox 913 2779 949 2810; x_wconf 86' lang='lat' dir='ltr'>c.</span> <span class='ocrx_word' id='word_1_334' title='bbox 1071 2769 1126 2808; x_wconf 90' lang='grc'>23</span> <span class='ocrx_word' id='word_1_335' title='bbox 1155 2762 1336 2808; x_wconf 76' lang='lat' dir='ltr'>corticis</span> <span class='ocrx_word' id='word_1_336' title='bbox 1367 2763 1559 2820; x_wconf 78' lang='lat' dir='ltr'>grauate</span> <span class='ocrx_word' id='word_1_337' title='bbox 1589 2762 1693 2815; x_wconf 80' lang='lat' dir='ltr'>(sic)</span> <span class='ocrx_word' id='word_1_338' title='bbox 1715 2773 1785 2816; x_wconf 82' lang='lat' dir='ltr'>cp.</span> 
     </span>
     <span class='ocr_line' id='line_1_38' title="bbox 106 2822 875 2881; baseline 0.003 -15"><span class='ocrx_word' id='word_1_339' title='bbox 106 2822 379 2879; x_wconf 78' lang='lat' dir='ltr'>ipoquistidi</span> <span class='ocrx_word' id='word_1_340' title='bbox 410 2837 447 2879; x_wconf 85' lang='lat' dir='ltr'>c,</span> <span class='ocrx_word' id='word_1_341' title='bbox 478 2822 800 2880; x_wconf 78' lang='lat' dir='ltr'>ypoquistidos</span> <span class='ocrx_word' id='word_1_342' title='bbox 823 2837 875 2881; x_wconf 90' lang='grc' dir='ltr'>Ρ.</span> 
     </span>
    </p>
   </div>
  </div>
 </body>
</html>
