2004 3186
142 587 163 619 5

120 987 163 1019 10

119 1354 161 1386 15

864 114 1194 165 —2—

335 277 371 326 I.
440 277 518 326 Ad
572 276 807 326 tardum
861 279 984 326 sive
1045 279 1448 328 inveteratum
1501 281 1722 345 capitis
1778 280 1875 330 do-

187 352 373 400 lorem
421 366 590 415 quem
638 349 850 399 Graeci
896 350 1270 415 cephalaeam
1317 352 1661 420 appellant„
1697 361 1755 403 et
1809 354 1875 403 ad

189 426 319 474 eius
342 425 688 473 medietatis
714 438 884 488 quem
909 426 1277 474 emicranion
1302 433 1535 493 vocant,
1568 434 1625 476 et
1656 427 1722 476 ad
1748 443 1874 476 ver-

186 500 489 563 tiginosos
539 512 686 562 quos
731 497 1084 561 ilingiontas
1124 498 1450 565 appellant,
1499 506 1555 549 et
1594 500 1660 549 ad
1711 507 1874 549 tene-

186 571 396 620 brosos
438 586 584 635 quos
624 572 1053 620 scotomaticos
1093 571 1315 622 dicunt.

334 674 573 723 Universa
619 673 740 723 haec
779 675 831 722 in
871 675 1029 738 capite
1070 674 1366 725 efficiuntur.
1430 682 1479 725 et
1511 682 1586 725 est
1617 675 1877 741 cephalaea

189 765 248 798 ex
280 750 415 797 omni
444 754 584 812 parte
626 749 799 812 capitis
838 748 1110 797 inveterata
1146 750 1333 815 passio,
1373 764 1493 813 quas
1527 749 1701 799 Graeci
1733 749 1875 799 chro-

187 824 294 872 nias
348 821 583 870 diathesis
637 827 834 885 vocant,
887 820 963 870 vel
1018 823 1170 871 totius
1217 821 1530 872 membranae
1586 838 1709 887 quae
1765 837 1877 872 ossa

186 897 359 961 capitis
399 894 613 959 desuper
653 895 990 944 circumvestit
1037 897 1349 960 superposita
1387 896 1581 946 ossibus
1622 896 1876 961 subposita

187 971 311 1035 cuti,
374 974 424 1018 et
485 967 759 1033 appellatur
821 983 847 1016 a
917 967 1115 1017 Graecis
1182 971 1508 1036 pericranios‚
1578 976 1661 1019 aut
1719 971 1876 1035 ipsius

185 1042 499 1092 membranae
539 1043 715 1109 partiS,
763 1057 909 1106 quam
956 1048 1192 1091 consuete
1241 1045 1541 1092 emicranion
1583 1043 1766 1092 dicunt.
1835 1044 1876 1091 si

185 1131 302 1165 vero
343 1131 458 1165 cum
498 1130 747 1165 consensu
785 1114 1008 1165 radicum
1047 1115 1306 1166 oculorum
1350 1115 1614 1166 bulborum
1653 1119 1875 1182 ipsorum

186 1190 337 1239 fuerit
375 1189 537 1255 dolor,
574 1190 875 1239 manifestim
913 1191 965 1238 in
1005 1188 1211 1239 cerebro
1249 1190 1359 1240 fieri
1396 1190 1688 1240 ostenditur.

335 1263 577 1328 contingit
629 1263 942 1328 frequentius
1000 1278 1060 1312 ex
1113 1264 1435 1328 perfrictione
1489 1271 1573 1313 aut
1628 1265 1876 1313 contrario

186 1337 445 1387 adustione
485 1343 570 1386 aut
608 1336 874 1386 vinolentia
913 1343 998 1386 aut
1031 1352 1275 1402 percussu
1313 1344 1399 1387 aut
1439 1339 1729 1387 ventositate
1763 1352 1874 1386 cau-

185 1413 309 1461 satio
374 1411 690 1460 nervositatis
743 1408 1056 1460 membranae
1116 1412 1431 1476 perieraniou
1493 1426 1642 1476 supra
1703 1411 1875 1474 dictae.

185 1484 311 1534 solet
349 1486 497 1535 etiam
538 1490 588 1533 et
634 1485 886 1533 austrinus
925 1499 1011 1533 aer
1049 1485 1255 1533 iniurias
1294 1486 1467 1550 capitis
1506 1486 1721 1550 nutrire,
1762 1499 1876 1533 cum

306 1646 328 1685 1
369 1641 444 1684 Ad
482 1654 565 1685 om.
598 1653 659 1696 Ρ,
696 1640 778 1697 qni
814 1641 1119 1686 nominativos
1151 1641 1310 1698 posuit
1350 1641 1436 1686 sic:
1507 1640 1686 1685 Tardus
1720 1677 1729 1685 .
1765 1677 1774 1686 .
1807 1641 1875 1684 in-

183 1700 420 1745 veteratus
444 1735 453 1745 .
481 1733 491 1743 .
517 1699 651 1744 dolor
675 1734 684 1744 .
712 1732 722 1742 .
749 1734 758 1743 .
785 1701 835 1743 et
866 1699 963 1743 eius
992 1714 1052 1742 m.
1085 1713 1193 1756 pars
1227 1702 1346 1758 (pas)
1372 1735 1381 1744 .
1410 1734 1420 1744 .
1453 1702 1501 1744 et
1530 1699 1803 1756 vertiginosi
1828 1734 1837 1743 .
1865 1732 1874 1741 .

184 1761 232 1804 et
279 1759 529 1804 tenebrosi.
605 1759 658 1802 in
694 1759 884 1803 rubrica
930 1758 1004 1801 Ad
1044 1758 1317 1815 cephaleam
1348 1772 1432 1815 Ρο,
1469 1759 1538 1803 De
1580 1759 1802 1815 cephalea
1831 1772 1874 1815 9.

183 1823 210 1862 3
227 1816 495 1862 medietatis
518 1819 703 1874 partem
727 1818 854 1874 (pars
868 1818 924 1873 Ρ)
955 1830 1096 1873 quam
1114 1831 1199 1874 9Ρο
1223 1818 1322 1873 (ubi
1335 1816 1602 1862 medietatis
1619 1839 1675 1854 =
1693 1817 1876 1862 mediae

181 1876 351 1934 partis,
383 1878 505 1922 wnde
534 1877 655 1932 quod
685 1877 818 1920 omisi
845 1877 1062 1932 partem).
1184 1876 1465 1921 emictanion
1495 1890 1541 1931 c,
1585 1875 1878 1934 emigranion

181 1949 256 1992 9Ρ.
341 1936 399 1991 cf.
434 1936 553 1981 Cael.
585 1934 704 1979 Aur.
728 1949 780 1991 Ρ.
809 1938 906 1981 269
939 1934 1014 1990 (de
1047 1934 1314 1993 emigraneo
1346 1935 1504 1979 dolore
1535 1935 1667 1980 Alex.
1698 1936 1752 1992 I,
1784 1937 1876 1991 45).

183 2000 212 2039 4
242 1994 497 2039 ilicnuntas
519 2007 570 2052 9,
603 1993 692 2053 <ili
720 1994 825 2039 add.
858 1994 917 2038 al.
942 1993 1035 2052 m.)
1063 1995 1069 2050 Ι
1097 1994 1285 2050 giuntas
1310 2008 1360 2050 Ρ,
1391 1994 1636 2051 illignntas
1668 2008 1702 2038 c.
1849 1997 1875 2037 5

184 2054 398 2098 dixerunt
422 2067 457 2099 c.
581 2058 607 2097 6
633 2053 858 2110 cephalea
881 2054 952 2108 (nt
974 2056 1135 2109 supra)
1163 2066 1262 2109 9Ρσ.
1385 2058 1409 2097 7
1437 2067 1578 2108 quas:
1614 2066 1754 2108 quam
1776 2066 1876 2110 9Ρσ.

185 2112 366 2158 cronias
396 2112 600 2158 diathesi
622 2126 673 2168 Ρ.
825 2117 852 2156 8
883 2110 1031 2156 totius
1062 2124 1144 2156 om.
1174 2125 1222 2167 Ρ.
1373 2116 1399 2155 9
1433 2112 1751 2156 circumvestit
1781 2125 1805 2154 e
1835 2116 1877 2155 et

184 2172 373 2227 (circum
397 2173 517 2216 inter
541 2172 622 2216 lin.
640 2171 766 2226 add.)
787 2176 839 2228 9⁰
861 2170 1034 2227 (Simst)
1061 2170 1207 2215 vestit
1227 2183 1301 2237 9Ρ.
1423 2170 1714 2226 superposita
1736 2170 1877 2214 vesti-

182 2230 281 2275 bus.
315 2231 494 2276 ossibus
510 2231 641 2287 subp.
660 2229 758 2275 cuti
772 2230 877 2285 (sic)
893 2243 929 2275 c.
1029 2227 1323 2297 superposita
1336 2229 1432 2283 (iter
1434 2233 1540 2284 nm)
1555 2228 1651 2273 cuti
1659 2242 1716 2298 Ρ
1820 2233 1875 2272 10

184 2290 472 2361 appellatur:
506 2289 676 2335 dicitur
706 2303 742 2334 e.
862 2288 1160 2346 perigranion
1181 2301 1235 2345 9ο
1267 2287 1576 2344 (perieranion
1589 2301 1642 2344 Ρ,
1697 2282 1721 2331 ὁ
1747 2303 1875 2344 περι-

183 2346 375 2404 κράνιος
398 2344 525 2406 ὑμήν
554 2348 678 2405 Gal.)
801 2353 853 2392 11
873 2347 1087 2404 partisp:
1119 2359 1227 2404 pars
1248 2360 1314 2403 90.
1438 2360 1578 2402 quam
1603 2349 1678 2401 (sc
1703 2346 1874 2402 passio-

182 2408 306 2463 nem)
330 2422 411 2464 9Ρ·
438 2409 565 2464 quod
588 2421 623 2453 c.
733 2408 972 2452 consuete:
998 2407 1219 2452 consueto
1243 2405 1429 2450 nomine
1455 2405 1501 2450 0.
1520 2405 1580 2449 A.
1602 2418 1648 2460 Ρ.
1674 2409 1769 2451 269
1796 2406 1872 2461 (ef.

183 2468 236 2511 de
260 2468 437 2511 hemicr.
465 2466 666 2521 Gal.12,
692 2470 815 2522 593).
937 2465 1230 2522 emigranion
1250 2478 1327 2521 9Ρ,
1352 2463 1636 2510 emicranion
1660 2477 1694 2508 e
1820 2469 1873 2507 12

185 2539 292 2569 cum
315 2540 453 2570 sensu
475 2540 510 2570 c.
631 2527 714 2570 aut
738 2526 800 2583 (a)
826 2524 1073 2571 bulborum
1088 2538 1138 2581 Ρ.
1252 2525 1314 2568 ad
1335 2537 1427 2568 rem
1451 2523 1509 2578 cf.
1536 2522 1638 2567 Gal.
1663 2527 1742 2576 12,
1768 2527 1873 2567 563.

186 2589 240 2628 13
279 2584 571 2629 manifestius
603 2598 661 2641 Ρ,
703 2586 893 2629 —tusc
869 2598 906 2629 c.
1070 2589 1126 2628 14
1166 2582 1407 2640 Contingit
1443 2583 1601 2626 autem
1639 2582 1703 2638 (a)
1741 2581 1797 2625 fr.
1822 2596 1872 2637 Ρ.

182 2644 482 2699 perfrictione
506 2645 626 2699 (cum
648 2644 909 2688 correctoris
925 2648 976 2700 9⁰
991 2644 1051 2701 9Ζ.
1067 2643 1218 2688 interl.
1241 2641 1430 2699 frigore)
1446 2654 1520 2697 9ο·
1544 2639 1873 2697 perfricatione

181 2703 314 2755 (vitio
346 2703 473 2758 apud
501 2703 767 2747 recentiores
796 2703 1000 2759 solemni)
1024 2716 1074 2759 Ρ.
1230 2700 1461 2746 contraria
1491 2714 1527 2744 c
1683 2704 1738 2742 15
1770 2712 1869 2755 per—

185 2775 320 2804 cussu
349 2775 426 2818 90:
458 2774 732 2829 percussura
755 2776 806 2818 Ρ.
927 2760 1220 2806 ventositatis
1253 2759 1533 2805 causatione.
1574 2756 1870 2803 nervositatis

182 2833 280 2876 9Ρο.
404 2825 457 2863 16
489 2820 787 2877 perigranion
816 2834 846 2877 9
878 2819 1145 2877 (—cranion
1168 2834 1220 2876 Ρ,
1259 2818 1504 2863 —ctanion
1536 2819 1589 2873 e).
