2004 3186
862 117 1218 171 —64-

343 246 395 293 in
442 240 781 292 curationibus
826 254 943 289 vero
992 239 1035 288 si
1080 238 1263 287 nimius
1309 237 1462 286 fuerit
1507 235 1647 286 dolor
1684 242 1883 301 praeter

197 317 511 384 putredinem
567 316 894 380 gingivarum,
949 317 1146 377 oportet
1204 310 1411 360 sacculis
1462 309 1577 359 salis
1629 310 1886 360 torrefacti

197 392 305 442 loca
351 405 475 455 quae
523 388 717 438 dolores
763 388 1019 453 patiuntur
1064 386 1374 435 extrinsecus
1412 398 1664 448 vaporare.
1737 385 1885 433 etiam

199 473 250 516 et
287 463 757 529 apossegmatismum
792 461 1182 509 masticatorium
1213 463 1410 523 oportet
1447 456 1696 523 adhibere,
1736 471 1886 522 quem

156 551 177 584 5
201 539 374 589 Graeci
417 550 736 586 masomenon
781 539 979 595 vocant,
1034 540 1084 582 et
1131 532 1391 581 conficitur
1438 532 1530 580 sic:
1586 531 1885 596 stafisagriae
1937 550 1939 553 ·

201 619 251 662 et
294 612 523 661 mastices
562 615 613 659 et
656 609 865 674 pyretri‚
915 608 1136 656 omnium
1180 607 1334 656 trium
1379 606 1516 670 paria
1560 603 1780 670 pondera
1835 605 1888 653 in

199 701 300 736 uno
346 684 606 748 diligenter
661 680 960 747 contundeS‚
1007 694 1150 730 cerae
1204 678 1453 729 modicum
1499 677 1792 728 admiscebis
1837 683 1887 727 et

199 758 387 809 rotulas
434 758 611 823 fingeS,
659 771 780 820 quas
829 754 1003 803 Graeci
1048 754 1290 804 trociscos
1336 759 1525 802 vocant.
1600 768 1660 802 ex
1707 751 1888 817 quibus

201 830 528 888 masticandos
568 828 727 896 dabis,
767 835 817 878 et
854 827 1088 877 inclinato
1131 828 1290 893 capite
1328 825 1588 875 humorem
1619 826 1888 876 decurrere

138 919 181 951 ιο
204 906 436 956 dimittes

350 977 481 1028 aliud
527 976 588 1026 ad
635 976 796 1026 dentis
844 975 1062 1043 doloreS‚
1109 973 1348 1039 enchyma
1393 973 1444 1023 id
1494 980 1571 1024 est
1616 974 1799 1023 infusio
1837 974 1891 1023 in

203 1067 360 1102 nares
422 1050 588 1117 betae,
634 1056 685 1099 et
723 1049 899 1099 melius
938 1050 1170 1115 agrestiS‚
1215 1048 1397 1098 radicis
1435 1062 1556 1098 suco
1594 1050 1648 1097 in
1686 1046 1891 1097 naribus

203 1127 359 1191 ipsius
406 1126 560 1190 partis
607 1123 819 1173 dolentis
865 1124 1029 1173 infuso
1070 1122 1265 1172 dolores
1308 1122 1532 1172 dentium
1571 1121 1744 1171 solves,
1805 1119 1891 1171 ob-

205 1198 500 1249 servandum
544 1203 802 1262 praeterea
848 1196 908 1246 ab
956 1196 1185 1246 omnibus
1231 1195 1438 1261 frigidis,
1507 1211 1620 1244 nam
1671 1194 1891 1261 Hippo-

140 1286 182 1319 15
206 1279 403 1322 crates
441 1273 493 1320 in
533 1271 778 1320 aforismis
817 1272 889 1320 sic
929 1272 1017 1337 ait,
1057 1285 1201 1319 omne
1241 1269 1475 1334 frigidum
1511 1268 1742 1318 dentibus
1781 1284 1891 1318 esse

205 1345 383 1396 hostile
429 1347 531 1394 sive
575 1345 854 1412 inimicum,
909 1344 1041 1409 quod
1096 1350 1261 1394 autem
1319 1342 1530 1393 calidum
1577 1344 1789 1393 amicum
1844 1349 1894 1392 et

208 1418 510 1469 delectabile.

356 1494 564 1558 fysicum
618 1491 677 1541 ad
739 1491 960 1542 dolorem
1010 1488 1187 1559 malae,
1242 1491 1301 1540 de
1356 1489 1699 1555 Vindiciani
1750 1490 1894 1539 Afri.

325 1682 350 1721 2
385 1678 565 1722 saculos
596 1678 702 1734 (sic)
734 1677 842 1723 salis
875 1692 918 1723 c:
951 1677 1061 1723 solis
1089 1679 1195 1733 (sic)
1230 1676 1427 1722 sacculis
1451 1689 1502 1734 Ρ.
1631 1682 1660 1721 4
1692 1676 1896 1735 apofleg-

207 1735 519 1782 malissimum
541 1751 592 1793 Ρ.
726 1751 885 1793 quem:
917 1737 1042 1794 quod
1073 1751 1127 1794 cp
1162 1737 1240 1793 (cf.
1277 1736 1362 1781 Th.
1396 1736 1546 1781 Prisc.
1577 1741 1621 1791 1,
1652 1740 1743 1792 14).
1867 1741 1894 1781 5

206 1800 446 1840 masumefi
460 1809 511 1853 Ρ,
543 1800 727 1841 masuffi
750 1809 787 1841 c.
911 1802 936 1841 6
962 1799 1011 1841 et
1032 1809 1115 1842 om.
1135 1810 1171 1852 Ρ
1203 1796 1332 1851 (bis).
1453 1795 1647 1841 mastice
1672 1809 1710 1852 c,
1741 1802 1825 1842 -ὄ
1843 1811 1896 1854 Ρ.

207 1855 372 1912 piretri
401 1868 469 1911 cp.
621 1855 828 1899 omnium
864 1855 1008 1900 trium
1047 1869 1092 1901 c:
1134 1868 1216 1900 om.
1243 1868 1293 1911 Ρ.
1445 1854 1654 1910 pondera.
1691 1869 1794 1900 cere
1834 1871 1896 1900 m.

209 1913 435 1958 admisces
468 1915 516 1958 et
551 1913 600 1958 in
638 1914 748 1959 vino
788 1914 1038 1972 diligenter
1075 1913 1279 1959 contusis
1319 1913 1402 1970 (sic
1441 1926 1485 1968 e,
1534 1914 1795 1960 commiscis
1831 1917 1897 1972 Ρ).

208 1986 387 2056 rotulas
409 1985 550 2055 ‚frigis
580 1987 666 2042 (sic
692 2001 747 2044 Ρ,
780 1987 987 2045 singulas
1017 1989 1058 2044 c)
1090 2002 1220 2045 quas.
1281 1989 1354 2044 (qs
1377 2001 1436 2044 Ρ,
1469 1973 1521 2045 (fs
1545 1990 1622 2045 pc)
1653 2002 1721 2046 ep.
1783 2002 1899 2046 quae

208 2046 368 2091 ordme
397 2059 574 2091 ‘mverso
605 2047 795 2091 correxi.
939 2051 966 2091 8
997 2048 1175 2092 rotulas
1205 2060 1280 2104 cp:
1320 2047 1450 2092 -'-los
1491 2048 1615 2092 Petr.
1766 2061 1822 2092 ex
1853 2064 1897 2105 q.

209 2104 553 2149 masticandum
584 2118 629 2162 c,
669 2106 813 2150 -dus
852 2106 941 2163 (d9)
969 2121 1003 2164 Ρ
1042 2106 1121 2163 (ad
1158 2105 1500 2151 masticandum
1540 2106 1696 2163 Patr).
1842 2112 1897 2151 10

211 2163 409 2208 dimittis
441 2177 507 2220 οΡ.
655 2169 707 2207 11
741 2165 870 2210 aliud
900 2162 1035 2223 (πρὸς
1067 2161 1417 2221 ὀδονταλγίαν)ι
1453 2166 1536 2210 hoc
1565 2165 1807 2222 Apollonii
1836 2171 1900 2211 est

209 2224 285 2276 (ex
323 2235 474 2279 eupor.
515 2236 588 2279 αΡ.
630 2222 734 2268 Gal.
780 2224 923 2281 XII,
971 2229 1079 2270 865.
1157 2225 1214 2279 cf.
1257 2223 1412 2278 XIV,
1451 2228 1578 2280 356).
1755 2223 1900 2269 Aliud

211 2280 365 2326 dentis
396 2281 555 2327 dolore
587 2282 775 2328 endima
806 2297 850 2340 c,
892 2284 1034 2328 Aliud
1073 2283 1135 2329 ad
1173 2283 1384 2343 dentium
1413 2284 1490 2328 vel
1528 2282 1679 2328 dentis
1715 2283 1898 2328 dolores

214 2345 419 2410 &neuma
449 2368 498 2410 Ρ.
682 2360 734 2400 12
774 2372 930 2403 nares:
976 2357 1101 2402 naris
1141 2371 1186 2414 c,
1231 2357 1420 2401 naribus
1451 2370 1489 2414 Ρ
1527 2356 1708 2411 (Simon
1749 2371 1783 2402 s.
1822 2361 1899 2414 v.).

211 2414 371 2462 betae:
403 2412 522 2458 Beta
553 2427 592 2470 c,
620 2414 734 2460 bece
757 2430 809 2473 Ρ.
932 2431 1092 2461 sucum
1125 2418 1189 2473 (si)
1217 2451 1228 2461 .
1254 2451 1263 2461 .
1291 2450 1301 2460 .
1325 2415 1532 2460 infusum
1562 2430 1630 2474 οΡ.
1779 2417 1900 2461 nari-

211 2473 298 2518 bus
328 2486 371 2516 c:
403 2486 538 2517 nares
562 2487 614 2528 Ρ.
738 2481 792 2519 13
819 2476 968 2521 solves
1001 2473 1212 2533 (λύσεις)ε
1246 2476 1397 2521 solvet
1427 2489 1464 2530 c,
1497 2477 1625 2520 ——vit
1646 2490 1697 2532 Ρ.
1820 2476 1900 2521 ob-

213 2531 491 2577 servandum
542 2537 637 2587 610⁰:
692 2534 813 2579 —do
868 2539 974 2580 ante
1026 2548 1140 2581 corr.
1188 2549 1239 2591 Ρ.
1453 2539 1507 2578 14
1555 2536 1798 2591 ypocrates
1850 2535 1901 2579 in

214 2604 490 2662 aphorismis
520 2594 582 2660 (ff
603 2606 709 2651 add.
734 2609 790 2664 Ρ)
824 2622 891 2665 cp.
953 2609 1124 2653 citatur
1153 2609 1362 2653 similiter
1393 2623 1423 2652 a
1457 2606 1540 2652 Th.
1570 2607 1719 2654 Prisc.
1751 2613 1795 2664 1,
1826 2611 1898 2652 14.

216 2669 270 2708 15
303 2677 404 2708 esse
435 2663 650 2709 dentibus
678 2679 723 2723 Ρ.
907 2673 961 2711 16
992 2668 1164 2712 hostile
1195 2668 1293 2712 sive
1324 2680 1367 2712 c:
1403 2680 1486 2712 om.
1512 2680 1562 2724 Ρ.
1745 2669 1793 2712 et
1823 2666 1900 2711 de-

212 2722 430 2767 lectabile
462 2736 506 2766 c:
537 2736 620 2768 om.
648 2738 697 2781 Ρ.
821 2730 875 2771 18
905 2726 1086 2771 fisicum
1117 2740 1171 2783 cp
1201 2727 1326 2781 (item
1355 2727 1521 2782 infra).
1672 2726 1797 2771 mole
1828 2740 1896 2782 cp.

215 2782 473 2815 deumdiciam
519 2783 593 2816 afn
