2004 3186
808 114 869 122 -
955 85 1206 138 168—-

154 206 315 274 ducit,
354 205 579 256 similiter
612 211 828 254 comesta
860 204 919 254 ad
953 210 1110 254 semet
1146 205 1447 255 intrinsecus
1479 218 1723 256 venenum
1761 204 1840 255 ad-

155 279 382 331 ducendo
421 278 671 329 hominem
710 284 867 329 necat.

507 410 735 461 LXVIIII.
798 409 877 459 Ad
918 412 1259 476 scorpionis
1298 413 1496 461 ictum.

310 514 509 565 Scribes
547 516 600 564 in
632 513 800 564 charta
832 513 945 563 rudi
982 513 1078 564 hoc
1109 529 1290 564 nomen
1321 510 1587 580 A<OE>lc
1624 519 1674 563 et
1710 520 1844 578 post-

111 600 134 633 5
160 604 307 654 quam
333 589 592 653 scripseris
623 587 842 653 plicahis.
895 602 1054 652 pones
1076 589 1129 638 in
1159 589 1267 654 ipso
1299 594 1485 653 puncto
1514 601 1845 653 percussurae

160 663 379 712 chartam
421 662 751 727 conscriptam
792 667 842 711 et
878 660 1046 710 trahes
1083 661 1216 711 illam
1260 677 1417 727 usque
1458 660 1518 710 ad
1557 661 1720 710 locum
1759 659 1847 710 ubi

159 735 474 786 descenderit
512 734 674 802 dolor,
714 741 763 785 et
794 735 1055 785 confestim
1086 737 1192 785 sine
1232 734 1401 785 dolore
1435 735 1691 785 efficietur.
1751 733 1847 783 hoc

159 811 372 876 fysicum
419 809 480 858 de
525 810 620 858 viri
666 808 872 858 illustris
919 805 1251 875 <vindiciani>
1299 816 1389 860 est.
1459 810 1607 859 etiam
1645 813 1695 858 et
1739 806 1847 857 the-

158 885 357 934 riacam.
420 882 726 932 diatessaron
764 884 817 931 in
855 884 1055 947 potione
1094 884 1196 932 vini
1233 882 1385 932 dabis,

91 1043 134 1075 10
508 1027 650 1078 LXX.
713 1028 794 1078 Ad
834 1029 1126 1094 fugandos
1167 1036 1497 1095 serpentes,

308 1121 520 1197 Capillos
569 1132 629 1181 de
677 1147 823 1196 capra
871 1138 955 1181 aut
1001 1132 1225 1182 mulieris
1264 1139 1348 1182 aut
1399 1134 1654 1182 cervinum
1694 1146 1851 1182 cornu

158 1214 246 1256 aut
283 1206 351 1256 fel
388 1206 680 1270 fumigatum
720 1212 980 1270 serpentes
1019 1206 1229 1271 fugiunt.

309 1279 453 1329 aliud.
527 1281 725 1329 cervina
762 1279 905 1344 pellis
944 1278 1194 1329 substrata
1237 1280 1354 1330 facit
1392 1295 1491 1330 non
1530 1282 1708 1330 timere
1748 1294 1850 1330 ser·

158 1359 349 1419 penteS.

92 1469 135 1501 15
650 1454 816 1505 LXXI.
879 1455 959 1505 Ad
1001 1456 1369 1522 epilepsiam.

307 1558 399 1608 Est
431 1564 596 1622 autem
628 1558 864 1624 epilepsia
903 1557 1097 1608 subitus
1138 1561 1361 1624 corporis
1402 1574 1546 1609 casus
1586 1574 1701 1610 cum
1739 1575 1852 1626 spu·

159 1635 375 1683 matione
416 1637 466 1682 et
503 1638 649 1696 raptu
688 1631 1026 1682 membrorum
1067 1633 1289 1682 effectus.
1352 1638 1402 1681 et
1438 1639 1554 1683 sunt
1593 1633 1852 1684 distantiae

161 1708 407 1772 passionis
455 1704 595 1755 duae.
665 1705 926 1770 aliquando
967 1707 1098 1755 enim
1138 1705 1231 1755 sub
1279 1705 1472 1755 diverso
1517 1714 1663 1772 raptu
1702 1722 1853 1757 mem·

163 1780 371 1830 brorum
419 1779 655 1845 efficitur,
701 1778 961 1844 aliquando
1010 1794 1124 1829 cum
1164 1793 1351 1829 somno.
1425 1782 1651 1844 sequitur
1689 1788 1855 1831 autem

93 1867 141 1900 20
164 1856 432 1921 patienter„
485 1858 542 1902 ut
595 1852 716 1919 dixi,
775 1852 969 1903 subitus
1023 1868 1190 1920 casuS‚
1251 1853 1512 1918 aliquando
1569 1869 1682 1904 cum
1737 1870 1854 1905 con-

164 1929 408 1978 tractione
442 1928 666 1991 corporis
697 1925 1050 1993 membrorum,
1082 1926 1342 1992 aliquando
1372 1942 1486 1977 cum
1518 1929 1856 1996 oppressione,

282 2104 308 2144 3
348 2098 423 2142 Ad
461 2113 494 2142 s.
537 2095 567 2142 i.
608 2097 677 2141 tit.
719 2110 743 2142 c
779 2099 856 2151 (=
895 2098 993 2143 ind.
1025 2101 1103 2154 10):
1141 2097 1523 2155 Experimentum
1567 2099 1754 2144 bonum.
1813 2102 1858 2155 R

153 2171 246 2216 Ρνο
284 2158 410 2202 rubr
443 2170 494 2213 Ρ.
676 2160 704 2199 4
745 2155 927 2200 Scribes
965 2170 1009 2213 c,
1050 2157 1190 2201 —bes
1222 2171 1273 2213 Ρ.
1452 2158 1559 2202 rudi
1591 2172 1650 2215 pe
1691 2171 1774 2203 om.
1819 2171 1855 2204 c.

161 2231 318 2275 Achc
344 2244 381 2286 c,
412 2230 448 2273 Λ
475 2227 506 2285 Ιῑ
533 2214 581 2283 p¹
583 2242 608 2272 c
625 2242 676 2286 Ρ.
798 2233 824 2273 5
848 2229 995 2286 plicas
1018 2243 1163 2286 pones
1187 2243 1254 2287 οΡ.
1376 2231 1549 2287 puncto
1565 2245 1628 2288 10³
1653 2231 1796 2287 puteo
1819 2246 1855 2276 c.

167 2295 193 2335 6
226 2290 357 2334 carta.
380 2287 643 2344 conscripta.
666 2302 733 2345 οΡ.
854 2288 1003 2332 trahis
1036 2288 1201 2345 (trabis
1227 2292 1266 2346 c)
1291 2289 1377 2334 illa,
1399 2303 1468 2345 cp.
1592 2295 1615 2335 7
1645 2291 1694 2334 et
1715 2303 1799 2334 om.
1818 2305 1858 2335 c.

166 2348 369 2393 efficitur
406 2360 473 2403 σΡ.
654 2352 682 2392 8
714 2347 805 2391 deu
842 2346 1040 2392 illustris
1079 2353 1202 2393 carle
1242 2349 1290 2392 et
1328 2362 1352 2400 z
1393 2348 1560 2393 tiriaca
1591 2362 1639 2406 c,
1680 2349 1737 2394 de
1767 2348 1860 2394 uiri

163 2435 360 2480 illustris
391 2403 514 2480 dari?0
538 2435 682 2480 etiam
707 2437 754 2480 et
776 2434 950 2480 teriace
966 2449 1017 2492 Ρ.
1141 2441 1166 2480 9
1193 2435 1421 2492 diatesa(e
1437 2438 1580 2493 p)ron
1610 2449 1677 2493 οΡ.
1802 2441 1858 2482 10

162 2495 233 2540 De
271 2495 406 2552 capig
375 2507 449 2552 g.o
496 2478 541 2547 B(
570 2495 694 2539 rubr.
721 2508 771 2552 Ρ.
896 2499 949 2538 11
983 2493 1208 2551 Capillos:
1253 2494 1541 2553 Capillorum
1573 2509 1617 2552 c,
1656 2495 1857 2552 Capigos

163 2556 270 2610 (sic)
293 2568 331 2611 Ρ
361 2554 440 2609 (cf.
476 2553 850 2610 Plin.28,70).
974 2557 1027 2596 12
1053 2553 1240 2611 fugiunt
1257 2567 1315 2611 p:
1347 2553 1485 2611 fugat
1515 2569 1549 2601 c.
1674 2559 1727 2598 13
1752 2554 1859 2598 sub-

164 2615 342 2657 stracta
368 2627 425 2669 p,
458 2612 719 2669 subscripta
750 2626 784 2658 c.
969 2616 1024 2657 15
1055 2611 1129 2656 Ad
1162 2612 1436 2669 epilensiam
1470 2627 1494 2658 c
1523 2615 1638 2669 (ind.
1669 2616 1743 2669 Ρ),

164 2670 390 2728 epilensia
413 2685 463 2728 Ρ.
604 2676 658 2716 16
691 2671 916 2728 epilensia
947 2684 1012 2728 σΡ.
1154 2676 1207 2716 17
1242 2671 1408 2717 effecta.
1439 2686 1506 2729 cp.
1647 2676 1700 2716 18
1734 2671 1856 2715 enim

163 2744 246 2775 om.
281 2744 316 2775 c.
454 2729 539 2774 sub
571 2744 615 2776 c:
648 2744 753 2775 cum
776 2744 853 2788 Ρ.
972 2734 1028 2774 19
1060 2731 1219 2775 autem
1249 2733 1303 2775 ut
1334 2731 1430 2775 dixi
1461 2746 1506 2788 p,
1531 2745 1582 2788 Ρ.
1722 2735 1777 2774 20
1811 2732 1860 2775 et

164 2788 418 2846 aliquando
442 2803 492 2846 Ρ.
618 2794 671 2833 21
706 2788 910 2847 corporis
936 2802 1017 2834 om.
1037 2803 1074 2847 Ρ
1107 2789 1332 2846 (corporis
1362 2790 1438 2836 vel
1461 2789 1773 2834 membrorum
1801 2791 1858 2846 c),
