2004 3186
856 138 917 144 —
1000 107 1256 161 224-

235 225 457 270 triculum
473 223 638 269 dicunt
657 227 709 268 51
730 226 772 268 et
786 223 852 268 sic
874 234 1007 278 saepe

237 286 323 341 (54
366 289 436 329 64.
477 287 547 327 65.
587 287 657 328 66.
699 284 788 338 73).
829 307 884 314 -
922 279 1005 324 ali-

237 342 423 399 quantis
455 341 618 386 diebus
643 346 713 385 21.
741 345 810 385 32.
837 344 906 384 55.
935 343 1005 384 68.

237 427 294 435 --
328 416 432 446 cum
463 400 707 457 aliquanto
743 399 902 444 dolore
936 402 1004 442 75.

207 460 391 506 alium.
422 461 490 505 sie
520 464 562 504 et
584 473 608 504 c
632 463 686 502 51
713 459 814 514 (ubi
842 456 1007 502 allium

237 524 278 564 et
316 523 422 564 aute
452 531 567 563 corr.
601 517 761 562 album
791 518 870 574 p),
906 529 1005 583 qen.

238 578 330 623 alei
361 580 430 634 (ut
453 577 545 621 Ed.
571 577 650 631 D,
681 580 724 621 et
751 588 857 621 mox
880 573 1007 629 allei)

237 650 291 693 cp
317 641 386 680 51
427 636 553 692 plur.
580 611 675 680 alia
698 635 1010 691 conquassata

238 709 262 741 c
293 695 391 752 (ubi
415 695 572 739 alcum
594 695 663 739 vel
693 706 808 739 corr.
834 692 1010 738 alleum

238 755 600 810 conquassatum
645 754 701 810 p)
755 753 815 797 ib.
830 788 841 809 ,
895 764 1011 808 quae

238 817 375 857 antea
391 812 474 856 alii
491 812 662 868 capita.
680 837 736 844 -
754 811 836 856 alii
854 811 1008 867 spicas

238 873 464 929 purgatas
494 872 556 915 ib.

208 931 356 975 aloen
403 929 615 986 epatiten
661 931 745 986 (ter
788 941 868 986 90,
915 928 1011 973 nisi

236 989 358 1061 guod
395 989 526 1033 semel
564 1002 708 1032 —cen
750 989 790 1044 c)
835 991 905 1032 42.
962 982 1012 1031 ἆ.

237 1044 444 1118 ηπατική
498 1068 554 1085 --
607 1043 824 1103 ἡπατῖτις
876 1045 1010 1090 Aleoe.

239 1111 318 1151 etc.
345 1102 651 1162 (ἡπατίζουσα
674 1106 830 1150 Diosc.
840 1118 891 1162 p.
910 1109 1012 1161 365,

238 1165 456 1210 iocineris
495 1165 635 1209 modo
676 1166 840 1210 coacta
881 1163 1011 1209 Ptin.

239 1229 319 1277 27,
355 1225 441 1280 16).
488 1248 553 1261 -.
585 1224 722 1268 aloen
759 1225 826 1268 sie
863 1236 1010 1268 accus,

238 1284 333 1338 fere
361 1296 532 1339 semper
561 1283 791 1328 scribitur.

209 1341 411 1386 alterna
441 1341 702 1386 mutatione
734 1346 805 1387 29.
838 1346 910 1385 37.
939 1345 1011 1384 42.

211 1400 473 1455 amygdala
504 1400 707 1458 (—-lus)=
753 1399 1012 1457 amigdalas

240 1473 421 1504 amaras
467 1460 587 1516 9(cp)
627 1464 653 1503 9
701 1460 773 1516 (ep
810 1463 882 1505 44.
922 1460 1010 1514 45).

242 1518 484 1575 amygdali
516 1519 665 1562 amari
693 1531 724 1575 9
759 1517 1012 1574 (amigdale

242 1590 399 1621 amare
432 1579 471 1633 c)
504 1581 561 1620 40
594 1579 667 1633 (cp
701 1578 789 1633 66).

211 1635 455 1691 amylum·
511 1635 705 1680 amilum
761 1647 932 1692 semper
985 1647 1014 1691 9

243 1695 332 1750 (29.
366 1697 443 1752 39)
475 1709 543 1750 cp

212 1763 308 1797 ana
346 1755 445 1810 (aii,
484 1767 609 1798 uuuc
652 1768 680 1796 a
720 1774 776 1790 =
808 1766 875 1810 9r.
916 1747 1011 1796 ἀνὰ

242 1812 346 1858 Gal.
371 1814 469 1870 etc.)
490 1826 578 1869 pro
600 1813 830 1857 ‘numerali
857 1812 1014 1856 distri-

242 1872 396 1916 butivo
436 1872 605 1916 codicis
634 1874 730 1929 9(c)
759 1883 928 1927 semper
959 1883 1015 1915 ex

240 1931 540 1975 recentiorum
570 1943 691 1975 more
720 1931 1014 1975 medicamen-

241 1993 391 2034 torum
421 1990 668 2046 seripturis
698 1994 751 2034 ut
782 1990 850 2034 ait
879 1989 1014 2033 Alere.

242 2048 320 2093 lat.
356 2053 395 2103 1,
422 2052 477 2093 88
510 2051 556 2106 (,,
559 2047 762 2093 scribam
791 2047 882 2092 tibi
912 2046 1017 2103 ipsa

242 2082 524 2163 graph’aria“
563 2108 596 2152 i.
635 2111 838 2164 receptas
878 2112 923 2161 1,
957 2111 1014 2150 49

242 2166 325 2210 ubi
356 2179 423 2223 9.r
451 2162 681 2222 ἐκθέσεις,
720 2167 779 2211 al.
811 2140 1014 2222 γραφάς.

243 2224 302 2278 cf.
337 2226 440 2280 126)
485 2225 628 2279 infert
661 2238 697 2282 p
730 2225 866 2280 (velut
896 2227 957 2267 afi
987 2229 1016 2274 5

243 2282 288 2325 II
326 2297 363 2339 p
404 2304 460 2320 ===
501 2283 710 2327 omnium
757 2282 1015 2338 specierum

242 2343 403 2386 uncias
434 2341 570 2386 binas
602 2355 626 2387 c
656 2347 713 2387 48
745 2343 857 2398 etc).

213 2400 627 2456 anagargarisma
687 2401 866 2459 passim
937 2401 1016 2457 (ef.

243 2459 569 2517 gargarizare).

215 2518 496 2564 anhelitus:
536 2519 617 2575 qui
648 2518 708 2562 ab
741 2518 919 2574 splene*
933 2531 1012 2561 an-

244 2577 441 2622 helitum
472 2578 718 2634 patiuntur
747 2590 802 2633 ep
832 2581 904 2620 43.

215 2635 445 2681 anhelosi
476 2638 553 2681 vel
585 2635 826 2693 suspiriosi
857 2639 931 2679 41.

215 2694 428 2739 animal:
462 2696 587 2752 cani,
613 2695 784 2752 pecori,
810 2693 1014 2750 animali,

244 2752 442 2811 homini,
483 2755 544 2799 ad
575 2754 732 2800 omnia
769 2755 839 2799 ita
872 2753 1015 2798 facies

245 2813 294 2855 et
323 2813 455 2857 dabis
488 2820 556 2859 67.

1097 221 1292 267 anisum
1336 235 1422 279 9⁰1⁹
1461 225 1533 266 42.
1573 226 1631 266 44
1677 225 1756 268 etc.
1800 223 1896 279 (sed

1127 294 1320 326 anesum
1349 286 1400 338 9⁰
1431 282 1521 337 42).
1961 308 1973 323 .

1097 340 1335 385 annualia
1364 341 1578 396 tempora
1610 344 1678 384 66.

1097 398 1238 444 antea
1279 400 1387 444 ante
1427 397 1550 443 diem
1587 398 1665 442 vel
1703 398 1898 443 biduum

1127 462 1196 502 36.
1261 459 1371 502 ante
1402 457 1517 501 duas
1552 458 1692 502 horas
1723 458 1899 503 lavacri

1128 521 1200 562 49.
1240 519 1350 562 ante
1366 529 1506 560 unam
1524 516 1601 562 vel
1625 516 1740 561 duas
1758 517 1899 561 horas

1130 575 1410 620 accessionis
1457 579 1527 621 55.
1577 601 1630 607 —
1678 577 1788 632 post
1833 572 1899 618 III

1129 634 1206 679 vel
1245 634 1287 679 V
1333 633 1635 679 detractionis
1681 634 1780 679 dies
1829 639 1898 679 71.

1131 697 1201 738 73.
1263 695 1373 751 post
1418 693 1759 738 detractionem
1794 707 1899 738 san-

1129 751 1284 809 guinis
1307 752 1484 797 factam
1512 754 1622 809 post
1649 767 1794 796 unum
1824 751 1900 797 vel

1131 812 1247 855 duos
1279 811 1378 856 dies
1413 816 1481 856 71.
1515 815 1594 856 ete.

1101 869 1270 927 apiata
1308 872 1385 926 (se.
1427 872 1567 926 aqua)
1608 870 1780 925 calida,
1821 868 1900 913 fri-
1991 882 1996 922 2

1130 928 1241 986 gida
1273 934 1344 973 34.
1385 934 1454 973 42.
1497 934 1567 974 43.
1603 933 1657 973 59
1691 929 1902 986 (appiata
1994 940 1996 943 ·

1131 1002 1155 1033 c
1185 993 1241 1032 43
1275 989 1365 1043 bis,
1396 993 1448 1032 ut
1479 992 1520 1033 et
1556 987 1685 1044 appii
1715 988 1845 1034 semel
1873 1001 1902 1044 9

1131 1051 1203 1103 42,
1235 1060 1259 1092 c
1290 1048 1380 1103 43).

1103 1104 1562 1162 apoflegmatismus
1572 1135 1588 1165 ,

1132 1163 1376 1209 matizare
1406 1178 1550 1221 saepe.

1104 1223 1439 1294 apprehensio
1483 1237 1642 1269 sensus
1688 1220 1902 1281 (κατάλη-

1131 1292 1215 1339 ψις
1247 1279 1530 1339 αἰσθήσεως)
1567 1288 1638 1328 77.

1103 1341 1343 1397 aquatus·
1383 1341 1546 1386 vinum
1577 1343 1801 1399 aquatum
1833 1346 1903 1396 57,

1132 1400 1488 1456 aquatissimum
1517 1406 1553 1444 1.
1587 1406 1658 1446 21.
1693 1407 1764 1446 60.
1812 1401 1905 1445 col-

1132 1459 1304 1516 lyrium
1343 1460 1559 1515 aquatius
1598 1460 1802 1504 infusum
1833 1465 1904 1504 29.

1133 1531 1277 1574 posca
1309 1520 1483 1574 aquata
1515 1523 1585 1563 52.

1105 1588 1291 1622 aranea
1332 1576 1518 1621 verrina
1558 1579 1632 1634 (---
1672 1578 1905 1634 κεγχρίας,

1132 1636 1315 1681 morbus
1329 1637 1580 1693 miliarius)
1598 1640 1668 1680 25.
1707 1649 1906 1680 araneae

1134 1696 1209 1751 (=
1239 1695 1326 1811 ζῆς
1359 1693 1546 1752 ἔντερα,
1582 1696 1640 1750 cf.
1675 1695 1793 1740 Isid.
1826 1698 1908 1750 12,

1134 1757 1180 1808 3,
1209 1757 1238 1797 4
1289 1757 1359 1798 28.

1105 1823 1319 1857 arenosa
1350 1812 1555 1869 qualitas
1586 1816 1658 1857 45.
1690 1817 1761 1858 46.

1106 1871 1388 1926 argentalis
1429 1873 1593 1929 (creta)
1633 1885 1688 1930 ep
1730 1877 1783 1917 17
1816 1884 1907 1928 pro

1136 1931 1404 1988 argentaria
1422 1931 1550 1987 (ital.
1583 1931 1855 1988 argentale).

1107 1989 1317 2044 arrugia
1356 1991 1406 2046 (i.
1448 1990 1713 2045 cuniculuS,
1749 1990 1907 2035 stolleu

1139 2049 1267 2094 Ptin.
1294 2053 1364 2105 33,
1393 2054 1461 2094 70.
1488 2054 1556 2094 77.
1606 2050 1663 2105 cf.
1691 2049 1810 2094 Isia.
1839 2053 1910 2106 12,

1137 2112 1185 2163 3,
1218 2109 1286 2164 4)·
1326 2109 1575 2164 gesentera
1611 2108 1661 2152 id
1699 2110 1772 2153 est
1809 2121 1908 2152 ver-

1136 2166 1332 2210 miculos
1364 2167 1421 2211 de
1454 2166 1641 2224 arrugia
1672 2172 1743 2212 28.
1777 2171 1846 2210 30.

1107 2224 1356 2270 arteriae.
1383 2239 1439 2269 ex
1462 2226 1646 2270 arteriis
1669 2225 1799 2270 venis
1824 2227 1908 2282 (90,

1135 2283 1266 2327 venis
1307 2297 1391 2329 om.
1423 2297 1483 2340 p,
1523 2297 1625 2341 opp.
1668 2298 1724 2329 ex
1758 2284 1908 2328 minu-

1134 2341 1197 2386 tis
1228 2343 1377 2399 venis)
1411 2348 1478 2388 39.

1107 2401 1388 2446 arteriacae
1429 2401 1661 2447 confectio
1697 2402 1907 2447 describi-

1135 2464 1216 2505 tur
1248 2465 1318 2504 33.

1104 2519 1412 2566 arten-iosus:
1446 2519 1495 2563 in
1525 2519 1638 2577 ipsis
1671 2519 1906 2565 arteriosis

1134 2578 1250 2622 locis
1285 2584 1352 2623 71.

1106 2637 1379 2682 artificium
1440 2650 1620 2683 manus
1683 2640 1756 2695 (=
1815 2653 1907 2693 χει-

1135 2699 1347 2752 ρουργία)
1383 2700 1449 2742 18.
1484 2702 1553 2742 20.

1108 2756 1415 2800 ascaloniam
1441 2756 1638 2820 (vinum)
1669 2760 1724 2800 42
1758 2755 1906 2811 (Alex.

1136 2815 1214 2859 lat.
1251 2819 1289 2870 1,
1326 2820 1408 2859 102
1444 2836 1499 2852 =
1535 2812 1661 2865 οἶνος
1700 2810 1908 2858 ἀσκαλω-

1685 1104 1902 1163 apollog-
