2004 3186
756 116 1124 169 „73-

249 236 326 284 sin
380 250 496 285 vero
551 235 855 300 glutinosum
908 236 1104 300 flegma,
1161 237 1292 301 quod
1348 237 1523 288 Graeci
1574 240 1790 291 collodes

99 315 297 374 vocant,
343 310 533 374 ingenti
571 315 751 358 conatu
790 308 851 358 de
898 309 1099 359 thorace
1147 310 1269 359 ferri
1307 314 1547 373 senseriS,
1598 315 1790 379 oxymel

99 383 280 431 ieiunis
318 381 471 431 dabis,
533 389 583 432 et
614 383 875 432 conficitur
907 385 992 432 sic.
1056 383 1215 433 mellis
1247 386 1423 449 optimi
1453 385 1575 436 duas
1607 394 1800 454 partes5

101 457 229 505 aceti
267 457 472 505 acrioris
518 455 616 506 albi
660 462 853 521 partem
900 472 1048 506 unam
1088 472 1203 507 cum
1247 458 1412 522 puleio
1452 466 1503 509 et
1540 460 1789 510 radicibus

102 531 201 594 apii
239 530 409 579 viridis
447 529 608 594 pridie
646 530 824 579 infusis
862 529 997 580 lento
1036 532 1149 596 igne
1190 531 1337 581 simul
1377 548 1582 600 coques,
1633 534 1789 584 donec
1813 543 1836 576 5

102 602 260 652 mellis
315 602 695 652 crassitudinem
749 603 1050 653 mediocrem
1108 612 1282 654 sumat.
1375 612 1495 656 tunc
1556 607 1616 656 ab
1677 609 1791 673 igne

102 675 247 725 tolles
300 683 350 725 et
402 691 495 740 per
546 676 804 727 linteolum
856 678 1097 727 mundum
1145 694 1435 743 expressum
1481 679 1692 744 liquabis
1744 688 1794 731 et

103 749 278 798 exinde
340 749 639 800 coclearium
685 757 770 800 aut
824 750 922 801 duo
970 751 1287 817 singulariter
1339 753 1416 802 vel
1469 769 1582 802 cum
1636 756 1794 819 apiata

103 822 256 873 calida
295 822 449 874 dabis,

254 899 331 946 sin
371 913 487 947 vero
527 913 704 963 aspero
744 898 821 948 vel
858 898 1078 948 mordaci
1116 899 1324 949 humore
1361 894 1366 968 Ι
1402 916 1516 950 cum
1560 903 1795 951 strictura
1810 920 1850 953 p·
1874 913 1950 947 183.

103 972 256 1020 tussis
303 971 456 1021 fuerit
501 979 768 1037 commota,
815 973 947 1022 faeni
992 975 1157 1037 graeci
1201 989 1378 1023 sucum
1429 975 1534 1024 dari
1585 982 1796 1040 oportet.

68 1098 72 1102 ,
105 1053 182 1094 est
229 1046 359 1095 enim
404 1044 627 1095 lenificae
673 1047 894 1112 virtutis,
941 1048 1027 1110 qui
1071 1046 1228 1096 valeat
1273 1047 1497 1097 humoris
1536 1050 1796 1114 asperrimi

102 1118 260 1168 lenire
307 1118 593 1184 qualitatem
639 1126 689 1169 et
736 1122 999 1169 stricturae
1047 1120 1300 1184 querelam
1347 1121 1610 1171 relaxando
1666 1123 1794 1172 miti-

105 1207 235 1257 gare.
304 1199 354 1243 et
400 1194 661 1243 conficitur
705 1193 801 1243 hoc
839 1194 1000 1243 mod0.
1073 1195 1286 1259 accipies
1325 1195 1524 1245 faenum
1562 1210 1796 1260 graecum

103 1273 371 1331 purgatum
402 1274 452 1317 et
482 1282 608 1332 aqua
640 1267 773 1317 dulci
810 1267 992 1317 lavabis
1024 1274 1080 1317 ut
1118 1274 1311 1318 terrosa
1342 1277 1507 1318 careat
1546 1269 1793 1334 qualitate.
1819 1278 1863 1312 15

106 1346 226 1389 tunc
259 1356 410 1406 supra
446 1343 768 1391 tenuissimos
799 1340 1040 1391 carbones
1070 1340 1246 1390 leviter
1278 1357 1477 1409 coqueS,
1514 1348 1570 1391 ut
1600 1357 1798 1392 omnem

106 1414 389 1467 acredinem
419 1414 647 1481 deponat,
680 1421 730 1464 et
761 1415 978 1465 secunda
1013 1429 1140 1479 aqua
1172 1415 1385 1464 mutabis
1417 1416 1589 1465 defusa
1626 1418 1798 1482 priori,

106 1494 157 1537 et
201 1490 384 1538 iterum
424 1504 609 1554 coques
654 1490 724 1538 ita
761 1495 818 1539 ut
862 1491 971 1554 ipsa
1017 1489 1240 1538 decoctio
1288 1489 1534 1554 glutinosa
1571 1491 1623 1539 in
1663 1491 1798 1539 simi-

105 1561 366 1612 litudinem
413 1562 595 1612 coloris
641 1564 743 1612 vini
788 1563 1056 1627 redigatur.
1126 1568 1247 1611 tunc
1294 1562 1354 1612 ab
1399 1565 1513 1627 igne
1561 1563 1703 1613 tolles
1749 1570 1800 1612 et

106 1651 197 1701 per
246 1636 504 1686 linteolum
542 1636 784 1692 mundum
821 1636 1057 1703 liquabis‚
1098 1641 1147 1684 et
1194 1635 1331 1685 dabis
1368 1638 1549 1686 ieiunis
1590 1652 1650 1685 ex
1688 1639 1795 1701 ipso
1821 1648 1864 1680 20

109 1725 228 1759 suco
277 1710 480 1759 calicem
518 1725 676 1759 unum
715 1709 1014 1759 mediocrem
1055 1709 1269 1758 admixto
1315 1710 1475 1758 mellis
1521 1710 1800 1774 despumati

111 1783 353 1832 cocleario
402 1799 521 1833 uno,
599 1789 649 1832 et
704 1785 746 1832 si
799 1784 926 1832 forte
982 1782 1142 1832 adhuc
1188 1784 1389 1832 minime
1444 1784 1595 1832 fuerit
1641 1783 1800 1832 soluta

108 1856 326 1906 thoracis
373 1858 688 1923 constricti0‚
732 1858 864 1906 inter
907 1856 1133 1922 scapulas
1180 1857 1312 1905 circa
1359 1856 1584 1922 spondyli
1635 1857 1800 1906 locum

108 1932 478 1995 praevaporatis
516 1929 742 1995 partibus
783 1930 1037 1979 scarifabis
1070 1937 1120 1980 et
1156 1944 1250 1995 per
1285 1929 1572 1979 cucurbitae
1604 1937 1800 1995 raptum

112 2010 477 2070 competentem
516 2005 770 2068 sanguinis
810 2004 941 2068 quod
976 2004 1265 2053 relaxationi
1304 2004 1554 2053 faciendae
1588 2004 1800 2053 sufficiat
1823 2014 1867 2047 25

233 2122 255 2160 1
291 2115 363 2160 sin
400 2130 473 2173 qe:
514 2116 553 2160 si
583 2130 635 2172 p.
787 2115 968 2160 coliode
1002 2115 1137 2172 (—de
1161 2118 1217 2173 p)
1247 2129 1346 2172 9010-
1498 2120 1524 2158 2
1558 2115 1729 2160 oximel
1756 2129 1801 2172 9,

112 2189 170 2220 ex
198 2175 338 2220 melle
363 2189 388 2219 c
418 2174 574 2231 (huius
601 2174 830 2219 oximellis
857 2173 1195 2229 confectionem
1211 2178 1279 2231 p).
1402 2180 1428 2219 3
1463 2177 1512 2218 et
1532 2189 1580 2232 9:
1615 2174 1737 2229 quod
1763 2188 1798 2218 c.

111 2235 228 2279 duas
258 2236 417 2292 partes
448 2248 498 2300 9:
530 2235 687 2291 partes
719 2233 764 2277 II
795 2247 863 2289 cp.
1037 2238 1066 2277 4
1098 2234 1252 2278 acoeti
1279 2247 1321 2290 9.
1494 2233 1727 2277 radicibus
1759 2247 1800 2278 a..

111 2293 275 2339 viridis
307 2292 552 2349 (viridibus
578 2295 618 2350 c)
649 2308 693 2349 p.
718 2291 885 2336 infusis
910 2305 985 2348 cp:
1017 2292 1197 2337 radices
1222 2306 1263 2336 a.
1286 2292 1459 2336 virides
1484 2307 1530 2349 p.
1561 2292 1735 2335 infusas
1757 2305 1800 2348 9.

116 2358 140 2398 7
174 2366 437 2409 expressum
469 2366 543 2409 cp:
577 2354 625 2396 et
654 2365 865 2408 pressum
895 2365 938 2408 9.
1064 2356 1119 2396 10
1151 2351 1224 2395 sin
1252 2365 1327 2409 9⁰²
1371 2351 1411 2395 si
1434 2365 1484 2407 p.
1608 2350 1802 2394 stictura

112 2425 142 2468 9
175 2415 243 2468 (ut
275 2425 420 2468 supra
443 2425 495 2468 p.
527 2415 607 2465 72,
639 2415 669 2455 6
709 2409 1047 2465 constictione).
1230 2415 1283 2453 11
1323 2410 1449 2453 foeni
1485 2423 1515 2465 9
1552 2408 1678 2463 (fenu
1715 2410 1800 2464 cp).

118 2475 171 2514 12
205 2470 285 2526 qui
316 2473 364 2526 (q
396 2472 435 2526 c)
466 2483 542 2527 90:
575 2483 664 2527 que
696 2471 762 2525 (ξ)
787 2483 838 2525 p.
1023 2473 1079 2512 14
1113 2469 1254 2513 foenu
1287 2468 1413 2525 (—ni
1442 2470 1509 2524 90)
1541 2481 1728 2525 grecum
1758 2481 1801 2523 9,

115 2530 418 2586 fenugrecum
451 2543 489 2585 c,
519 2529 758 2585 fenugreci
781 2542 832 2584 p.
977 2533 1032 2572 16
1064 2527 1233 2572 leuiter
1260 2542 1311 2585 9:
1343 2527 1511 2571 leniter
1541 2540 1608 2582 cp.
1747 2530 1800 2569 17

116 2589 319 2633 secunda.
362 2602 484 2645 aqua
525 2588 627 2644 (sic)
671 2601 770 2644 9010.
952 2586 1117 2631 defusa.
1155 2611 1210 2619 —
1251 2587 1344 2643 (20)
1389 2585 1590 2641 liquabis
1634 2598 1716 2628 om.
1764 2597 1799 2628 c.

115 2647 261 2704 priori
286 2647 385 2704 (sic)
408 2661 482 2704 910.
604 2651 660 2690 23
686 2645 892 2703 spondili
915 2644 1047 2699 (—1ii
1071 2647 1112 2702 c)
1134 2659 1209 2702 90:
1236 2644 1572 2701 spondiliorum
1599 2643 1739 2699 (loca)
1749 2656 1800 2699 p.

117 2711 175 2751 24
206 2706 487 2751 scarificabis
525 2720 594 2762 cp.
778 2705 1066 2748 cucurbitem
1102 2718 1132 2760 9
1171 2706 1295 2760 (—te
1327 2704 1412 2759 ep).
1592 2705 1647 2745 25
1682 2715 1803 2745 com-

115 2766 332 2822 petenter
363 2779 398 2810 c.
543 2763 801 2820 sanguinis:
835 2763 1111 2820 sanguinem
1141 2777 1240 2820 ycp.
1385 2761 1510 2816 quod
1539 2773 1612 2817 9⁶²
1646 2760 1726 2815 qui
1749 2773 1800 2815 p.

117 2824 199 2868 rel.
218 2823 422 2868 faciendi
441 2823 740 2868 sufficiendae
765 2822 969 2868 sufficiat
986 2823 1083 2878 (sic)
1099 2835 1141 2878 9,
1165 2822 1247 2865 rel.
1266 2820 1468 2865 sufficiat
1492 2820 1620 2868 (med.
1638 2821 1741 2874 om.)
1750 2831 1801 2873 p.
