2004 3186
736 125 989 178 —217
1074 155 1136 163 —

119 251 203 296 gas
241 238 484 295 appellant
521 242 592 282 20.
661 238 720 292 cf.
758 238 891 283 sirin-

119 298 311 354 gotomo
343 297 403 342 ib.

89 352 324 413 σχιστὸν
335 366 348 401 :
367 355 543 401 sciston
552 354 716 399 dicunt
724 355 892 400 Graeci

117 415 192 459 lac
231 414 280 458 in
320 428 411 471 quo
457 413 639 472 lapides
677 413 889 459 fluviales

118 473 298 519 incensi
327 472 580 519 mittuntur
604 472 709 517 vsive
742 473 890 518 extin-

120 534 294 590 guntur
326 537 398 577 62.
462 533 520 587 cf.
552 532 650 577 ind.
682 531 888 577 Anthim.

116 605 150 637 s.
183 593 359 648 petrae.

88 646 376 704 τένοντεςε
454 649 770 694 musculorum
844 652 893 695 et

117 721 366 754 nervorum
383 708 576 754 cervicis
594 722 711 765 quos
727 710 889 754 tenon-

116 769 190 814 tas
220 769 424 824 (tetanos
451 776 555 825 ycp)
589 767 785 812 dicimus
818 771 888 812 38.

117 841 146 872 a
177 827 332 872 nervis
364 826 557 872 cervicis
582 839 699 883 quos
725 827 888 871 tenon-

116 888 190 931 tas
239 886 474 942 (tonantes
523 899 567 941 0,
614 887 798 931 tetanos
832 891 887 943 p)

117 945 279 989 dicunt
333 950 403 989 72.
479 945 536 999 cf.
595 944 713 990 Cael.
768 945 887 990 Aur.

116 1004 210 1049 chr.
250 1009 298 1060 1,
329 1007 386 1048 89
427 1017 562 1048 omne
602 1005 745 1060 caput
784 1017 888 1047 cum

116 1062 271 1108 nervis
294 1062 549 1108 maioribus
581 1076 698 1119 quos
725 1063 887 1107 tenon-

116 1123 189 1166 tas
229 1121 473 1179 appellant
504 1122 584 1177 (id.
619 1122 710 1167 chr.
744 1126 792 1176 5,
830 1126 886 1165 32

115 1180 563 1284 {pinaiamaioribfis
587 1179 759 1294 {ervisf
771 1194 887 1237 quos

139 1253 259 1284 enon
314 1253 335 1282 s
381 1253 502 1296 appe
543 1254 636 1285 an.
707 1253 766 1284 0.
813 1252 885 1284 ox.

117 1303 159 1353 2,
194 1303 251 1342 20
282 1303 361 1343 etc.
425 1298 537 1343 Sim.
575 1312 609 1343 s.
650 1299 885 1342 tenontas:

116 1356 456 1402 Demosthenes
508 1357 665 1412 nervi,
719 1355 887 1412 inquit,

119 1415 311 1460 cervicis
350 1429 465 1472 quos
504 1415 632 1473 greci
671 1417 887 1460 tenontas

117 1477 290 1519 vocant
321 1476 431 1531 etc).

87 1528 374 1590 τερηδώνε
401 1533 530 1578 aliud
556 1532 710 1577 cancri
737 1531 890 1577 dentis

118 1605 266 1649 genus
286 1626 295 1636 .
315 1626 325 1637 .
346 1628 356 1638 .
374 1593 530 1637 tumor
548 1625 557 1634 .
579 1628 588 1637 .
610 1627 619 1636 .
639 1591 719 1647 qui
739 1591 889 1647 ipsam

116 1651 315 1695 buccam
337 1651 555 1707 perforet,
581 1650 706 1706 quod
724 1649 890 1694 Graeci

117 1710 344 1754 teredona
379 1711 548 1754 vocant
587 1713 642 1753 32
676 1709 749 1765 (cf.
784 1707 888 1752 Gal.

118 1769 240 1824 XIX,
274 1773 374 1814 443.
408 1768 511 1814 Sor.
551 1782 625 1825 qu.
657 1768 770 1812 med.
802 1771 887 1812 227

115 1829 212 1884 39.).

90 1882 436 1944 τετράριζοιε
527 1885 602 1929 1111
691 1884 890 1929 maiores

119 1945 318 2001 (dentes)
344 1944 420 1989 vel
435 1943 635 1989 molares
660 1943 742 1999 qui
757 1945 888 1999 quat-

117 2005 225 2048 tuor
262 2003 498 2048 radicibus
544 2002 625 2046 fixi
671 2016 770 2047 esse
809 2015 889 2046 no-

118 2064 321 2118 scuntur,
361 2077 476 2118 quos
508 2061 675 2107 Graeci
705 2059 888 2106 tetrari-

117 2137 195 2165 zus
226 2123 398 2166 vocant
428 2126 498 2165 32.

88 2176 409 2239 τεφρώδηςε
464 2178 690 2224 ulceratio
717 2211 727 2221 .
755 2212 764 2222 .
791 2212 801 2222 .
827 2177 889 2221 ci-

117 2238 292 2284 nericio
325 2239 480 2283 colore
504 2238 718 2294 fuscata,
750 2250 890 2293 quem

119 2298 333 2342 tefroden
363 2298 537 2343 vocant
567 2302 639 2342 36.

89 2353 312 2402 τιλτόντ
360 2356 495 2401 1110111
542 2356 735 2412 (1110102)
780 2354 888 2399 tilto

123 2411 268 2482 (μότφ
288 2415 442 2474 τιλτῷ)
466 2415 542 2459 vel
559 2413 792 2459 strictorio
820 2418 888 2458 19.

119 2474 177 2528 cf.
209 2473 454 2518 tiltarium.

88 2528 427 2578 τονωτικόνε
448 2531 690 2576 10110110011
710 2565 719 2575 .
739 2566 749 2576 .
769 2565 779 2575 .
796 2544 891 2574 1110-

121 2591 437 2636 dicamentum
489 2590 540 2634 id
593 2591 664 2634 081
710 2589 890 2635 confor-

121 2650 347 2695 tatorium
378 2655 450 2694 42.
513 2648 790 2706 epithimate
820 2649 891 2692 10-

118 2709 275 2754 notico
322 2708 467 2754 uteris
513 2707 563 2752 id
602 2709 675 2752 est
713 2706 893 2752 confor-

120 2768 293 2813 tatorio
325 2772 396 2812 42.
458 2766 722 2811 antidotum
760 2768 892 2810 10110-

126 2827 254 2872 110011
269 2826 318 2871 id
328 2828 400 2871 est
414 2825 658 2883 proficiens
672 2825 891 2869 adversus

1013 239 1307 286 debilitatem
1346 242 1527 299 (epatis)
1575 248 1645 287 44.
1716 246 1773 299 cf.

1012 312 1047 343 0.
1087 302 1150 344 42
1197 299 1374 356 species
1419 301 1648 347 tonoticas
1695 303 1775 348 ad·

1010 357 1243 403 miscebis.

979 412 1210 463 τοπικὰς
1247 415 1406 474 topica
1435 417 1669 462 adiutoria
1698 419 1776 464 ad-

1010 474 1170 520 hibere
1202 489 1321 533 quae
1351 489 1435 521 nos
1463 476 1634 522 localia
1663 477 1776 522 dici-

1010 548 1112 578 mus
1136 539 1179 578 2.
1211 533 1445 579 adiutoria
1466 535 1636 580 localia
1658 549 1776 592 quae

1010 592 1170 648 topica
1215 593 1458 651 appellant
1509 599 1547 640 1.
1608 595 1775 652 topicis

1011 650 1256 697 adiutoriis
1279 652 1423 697 uteris
1448 651 1498 696 id
1521 654 1593 697 est
1614 653 1776 698 locali-

1008 710 1096 755 bus
1120 715 1189 755 66.
1235 710 1403 766 topicis
1425 711 1775 756 medicamentis

1009 768 1057 813 id
1090 771 1168 836 est
1190 768 1416 814 localibus
1448 775 1518 814 31.

980 828 1778 944 ‘ffssffgss‘gsszatssssssssssssffssffl

961 998 965 1002 .
1009 950 1064 990 29
1106 945 1228 1000 (item
1268 945 1450 990 Paulus
1487 959 1562 1002 ap.
1596 945 1707 990 Sim.
1738 959 1773 992 s,

1006 1005 1066 1060 v.)
1095 1029 1150 1036 -
1176 1003 1368 1060 collyrio
1392 1003 1693 1049 tracomatico
1713 1005 1773 1049 ib.

1009 1063 1083 1118 (cf.
1119 1062 1222 1107 Gal.
1254 1063 1311 1117 X,
1346 1065 1491 1118 1018).

977 1121 1349 1180 τρίσπερμοντ
1379 1120 1625 1178 trispermo
1651 1122 1775 1166 cata-

1006 1180 1260 1237 plasmabis
1307 1179 1357 1224 id
1396 1180 1466 1224 est
1511 1179 1660 1224 tribus
1707 1193 1774 1225 se-

1007 1238 1210 1283 minibus
1233 1252 1289 1283 ex
1318 1238 1414 1283 feni
1444 1237 1601 1295 graeci
1624 1239 1673 1282 et
1704 1250 1772 1281 se-

1006 1297 1145 1342 minis
1190 1297 1278 1341 lini
1325 1299 1374 1341 et
1414 1296 1577 1341 hordei
1615 1295 1776 1352 (tritici

1009 1357 1083 1412 66)
1122 1355 1375 1412 pollinibus
1416 1369 1521 1399 cum
1561 1369 1682 1411 aqua
1727 1355 1777 1399 et

1008 1415 1110 1459 oleo
1159 1417 1207 1460 et
1254 1413 1436 1459 modico
1483 1413 1622 1458 melle
1670 1426 1775 1458 con-

1011 1473 1152 1518 coctis
1178 1478 1247 1517 59.
1288 1474 1344 1527 cf.
1364 1478 1434 1517 34.
1460 1477 1529 1516 66.
1570 1476 1610 1517 et
1636 1471 1773 1516 Paul.

1010 1546 1082 1589 ap.
1115 1532 1227 1576 Sim.
1258 1545 1293 1576 s.
1325 1546 1365 1576 v.

980 1601 1422 1663 τριχοκόλλημαε
1466 1603 1776 1647 tricocollima

1010 1662 1191 1720 capillis
1216 1663 1454 1708 oculorum
1477 1662 1677 1719 ligandis
1702 1666 1773 1706 29.

979 1745 1291 1840 ‘ffiffiffig
1306 1749 1373 1861 ..ἓ
1375 1749 1587 1838 θῖῗῗηιέἓ
1590 1734 1774 1850 0111ἒῖἓῖ

1009 1867 1121 1911 quas
1153 1853 1320 1898 Graecl
1354 1853 1574 1897 trociscos
1605 1852 1777 1896 vocant

1009 1918 1079 1958 32.
1106 1911 1345 1969 (trociscus
1367 1911 1578 1968 trigonus
1606 1915 1677 1955 33.
1702 1914 1772 1954 39.

979 1972 1310 2088 ὑδρ)έλαιον;
1329 2042 1383 2072 cx
1402 2027 1620 2084 ydrelaeo
1637 2027 1774 2081 (idro-

1009 2089 1082 2133 leo
1131 2089 1275 2143 codd.)
1322 2087 1473 2131 calido
1518 2085 1567 2129 id
1606 2087 1678 2130 est
1718 2100 1775 2130 ex

1011 2161 1133 2204 aqua
1171 2145 1323 2191 calida
1361 2147 1410 2189 et
1448 2144 1550 2189 oleo
1583 2149 1653 2188 54.
1719 2157 1775 2188 ex

1008 2206 1229 2263 ydrelaeo
1267 2204 1317 2248 id
1356 2205 1427 2248 est
1465 2216 1520 2246 ex
1550 2216 1671 2258 aqua
1702 2215 1775 2246 ca·

1008 2265 1107 2310 lida
1138 2266 1185 2308 01
1215 2263 1318 2308 0100
1352 2267 1420 2306 65.
1453 2264 1560 2318 (57.)

980 2331 1373 2396 ὑδροφοβικοίε
1411 2333 1671 2392 ydrofobici
1711 2333 1773 2376 ef-

1009 2397 1225 2440 ficiuntur
1246 2395 1297 2439 id
1321 2395 1392 2439 081
1413 2406 1582 2449 aquam
1608 2392 1788 2436 timen-'

1009 2457 1079 2500 tes
1113 2460 1182 2500 67.

982 2522 1288 2583 ὑπεζωκόςε
1336 2525 1640 2582 hypezocotos
1687 2521 1773 2577 (hi-

1010 2586 1262 2644 pediocota
1294 2587 1364 2642 cp)
1395 2584 1442 2627 id
1475 2584 1544 2626 est
1573 2582 1773 2625 laterum

1010 2645 1306 2690 membranae
1325 2648 1393 2687 66.
1441 2641 1498 2695 cf.
1518 2641 1637 2685 Cael.
1654 2638 1771 2682 Aur.

1011 2705 1101 2750 chr.
1135 2708 1176 2757 2,
1211 2707 1308 2747 127.
1340 2706 1382 2755 5,
1414 2704 1483 2745 95.

981 2756 1442 2818 ὑπερέγχριστονι
1532 2754 1772 2819 collyrium

1013 2816 1460 2879 superinunctorium
1477 2815 1600 2872 quod
1610 2814 1773 2859 Graeci
