2004 3186
844 114 1243 168 -200-

229 230 511 287 (catapotias
527 229 809 287 singularias
825 243 868 286 9,
886 242 1001 274 corr.

229 288 544 345 tussicularia)
576 301 696 344 quae
728 288 894 333 Graeci
924 288 1003 332 be-

231 347 366 392 chica
409 350 584 392 vocant
627 352 698 392 33.
766 346 1004 403 catapotia

228 407 425 451 bechica
452 406 502 450 id
525 407 597 450 est
625 404 923 450 tussicularia
946 411 1001 450 66

229 466 353 520 (item
390 466 444 509 in
486 478 592 521 app.
634 466 729 510 cod.
769 464 919 509 Paris.
967 465 1002 519 f.

229 523 313 569 87¹³
337 524 574 580 cataputie
596 522 789 568 bechice
812 523 842 568 i.
868 523 1003 567 tussi-

228 582 438 639 cularie).

196 641 469 700 βοθρὶονε
501 640 655 686 botria
680 641 840 685 ulcera
860 640 909 684 id
934 642 1004 685 est

227 700 426 744 fossulae
466 704 537 744 29.
599 700 659 743 ad
703 700 862 744 ulcera
902 699 1002 743 uni-

227 771 363 804 versa
400 760 449 803 et
484 758 671 803 botrion
717 757 902 803 dolores
939 758 1001 802 ib.

231 818 290 872 cf.
302 818 529 862 Demosth.
548 831 621 873 ap.
635 817 745 862 Sim.
757 832 791 861 s.
804 818 935 861 ulcus
947 852 956 862 .
969 850 979 861 .
992 850 1003 861 .

237 875 420 920 notrion
450 877 522 920 est
560 876 685 931 quod
714 875 1002 920 rotunditate

226 934 370 980 fuerit
408 948 666 979 concavum
704 935 755 979 in
798 935 1003 979 scemate

226 993 457 1037 fossarum
482 993 604 1037 unde
624 1007 795 1038 nomen
818 993 1003 1050 accepit

227 1052 350 1108 (Gal.
382 1052 504 1107 XIV,
539 1054 655 1108 774).

178 1111 457 1168 -γαλακτῶ
462 1112 576 1164 δεςε
586 1109 1001 1168 (anagargarisma)

225 1184 320 1215 non
349 1170 487 1214 nimis
519 1170 723 1214 calidum
742 1205 752 1215 .
772 1205 782 1215 .
801 1206 811 1216 .
831 1170 913 1214 sed
930 1207 940 1217 .
960 1205 970 1214 .
989 1205 1001 1215 .

223 1230 412 1273 tantum
441 1231 496 1273 ut
537 1230 791 1273 secundum
819 1230 1001 1273 tactum

224 1290 438 1344 teporem
483 1288 658 1332 habeat
701 1287 838 1332 lactis
876 1289 1001 1345 quod

226 1345 396 1391 Graeci
425 1345 694 1403 galactodes
725 1348 898 1392 vocant
929 1352 1000 1392 35.

224 1405 283 1459 cf.
327 1405 447 1449 Cael.
487 1405 578 1450 chr.
616 1410 665 1461 4,
705 1409 777 1450 58.
833 1411 887 1450 63
921 1406 1002 1462 (le-

222 1463 361 1519 viter)
394 1464 631 1521 gelatum.
652 1497 661 1507 .
679 1499 689 1509 .
713 1465 808 1509 sive
837 1467 1002 1521 tepens

225 1522 353 1578 quod
384 1522 462 1567 Gr.
494 1526 594 1579 γαλ.
626 1525 797 1568 vocant
822 1523 998 1580 (Awrel.

229 1582 387 1637 c.14).

191 1635 550 1698 γαργαρεών·
612 1640 652 1684 si
711 1654 873 1697 grossa
924 1642 1001 1686 vel

223 1699 403 1743 vastior
471 1700 636 1756 (uva).
702 1713 1002 1757 ‚gargareon

223 1757 492 1827 appellatur
524 1762 594 1802 35.

195 1816 292 1873 γῆς
315 1809 542 1875 ἕντεραε
576 1830 658 1874 ges
680 1818 842 1862 entera
863 1817 913 1861 id
931 1819 1001 1862 est

223 1875 505 1920 vermiculos
544 1875 603 1920 de
644 1876 832 1933 arrugia
870 1881 927 1920 28
959 1881 1000 1921 et

223 1938 282 1977 30
374 1934 657 1991 (cuniculis.
693 1937 999 1980 ..cavantur

224 1994 407 2037 montes
425 2028 434 2037 .
456 2027 467 2037 .
487 2027 497 2036 .
516 1993 725 2051 arrugias
763 1993 813 2038 id
851 2008 999 2051 genus

221 2053 394 2095 vocant
437 2052 534 2098 scil.
582 2052 792 2109 Hispani.
868 2053 997 2097 Ptin.

222 2115 295 2164 33,
330 2115 399 2154 70.
433 2116 502 2156 77.
569 2112 627 2165 cf.
669 2125 886 2168 corrugas
926 2116 997 2156 74.

222 2168 414 2225 arrugia
444 2189 501 2208 =
533 2170 792 2227 arvirugia,
839 2170 997 2214 acker-

222 2225 384 2272 furche
395 2229 449 2283 ?).

190 2283 501 2353 γρύπῳσιςε
543 2299 648 2330 cum
686 2285 996 2331 obuncatione

222 2344 450 2402 unguium
504 2359 645 2401 quam
692 2344 858 2390 Graeci

219 2403 374 2460 posim
398 2405 492 2460 (yp)
514 2405 687 2448 vocant
702 2409 759 2448 40
777 2404 853 2461 (cf.
873 2404 993 2449 Cael.

220 2468 378 2518 oae.2,
417 2467 500 2507 168
540 2462 768 2520 unguium
805 2463 994 2507 uncatio

221 2535 372 2634 2133,
394 2518 993 2649 ἶὲἔῖἷὲἓῗωῖῑέοὲἓὲὶιῑέζέξ

220 2639 346 2694 quod
361 2637 526 2684 Graeci
542 2635 776 2696 γρύπωσιν
789 2641 992 2707 vocant).

188 2693 530 2753 γυμνάσιονε
559 2697 740 2756 (uteris)
764 2698 993 2755 gimnasio

221 2756 298 2799 vel
336 2756 557 2801 exercitio
597 2770 621 2801 c
656 2756 914 2814 (gimnasiis
943 2757 994 2802 id

222 2817 296 2859 est
326 2814 556 2860 exercitiis
582 2819 636 2873 p)
669 2821 739 2860 54.

1087 225 1420 284 δακτυλικὴ.
1452 228 1548 274 alia
1574 244 1694 287 quae
1723 233 1887 289 appel·

1115 288 1242 332 latur
1278 300 1308 331 a
1346 287 1532 333 Graecis
1577 289 1796 335 dactilico
1836 291 1887 335 id

1116 349 1190 391 est
1217 345 1468 414 podicalis,
1507 347 1547 391 si
1587 347 1776 403 quidem
1805 363 1886 419 po·

1115 404 1231 449 dicis
1254 404 1371 450 vitia
1385 405 1602 451 emendat
1619 411 1677 451 74
1692 404 1883 463 (δακτύ-

1114 467 1284 514 2209=
1300 478 1431 519 anus,
1455 478 1619 533 annus,
1643 466 1808 511 anulus
1829 487 1886 504 -ε

1114 517 1234 578 ring,
1266 522 1417 578 after).

1086 581 1318 635 δαῦκοςε
1358 581 1494 626 dauci
1533 582 1695 628 cretici
1729 598 1888 629 semen

1114 639 1166 683 id
1211 642 1284 684 est
1327 640 1599 696 pastinacae
1653 643 1887 688 hortensis

1115 702 1172 743 76
1197 719 1254 736 =
1277 703 1336 743 44
1359 704 1505 756 (quem
1527 702 1644 745 male
1671 702 1888 759 intelliyit

1115 757 1227 802 Sim.
1252 770 1287 802 8.
1312 771 1352 802 v.
1382 758 1557 803 daucus
1588 760 1784 805 creticus
1815 763 1890 805 ost

1116 830 1275 861 semen
1323 816 1487 862 baucie
1529 817 1722 876 [Matth.
1762 819 1811 866 S.
1851 833 1887 864 s.

1107 874 1276 919 baucia
1321 876 1515 920 ortensis
1558 877 1590 920 i.
1643 878 1890 934 pastinaca

1115 932 1374 979 domestica
1413 939 1492 979 etc.
1554 936 1612 990 cf.
1648 936 1819 981 Simon.
1850 950 1886 983 s.

1114 992 1282 1037 baucia
1299 993 1596 1053 pastinacha]
1615 995 1887 1040 ortensis—
1830 1016 1887 1033 =

1117 1052 1288 1096 Matth.
1321 1052 1435 1096 Sizv.
1465 1065 1502 1096 s.
1529 1067 1569 1097 v.
1617 1054 1675 1108 cf.
1708 1054 1886 1100 Oribas.

1118 1110 1197 1154 lat.
1229 1110 1332 1165 (VI,
1372 1111 1478 1167 463)
1519 1111 1693 1157 daucus
1726 1112 1809 1169 qui
1840 1115 1890 1158 et

1115 1168 1344 1213 stafilinus
1393 1169 1565 1226 (Diosc.
1610 1184 1662 1227 p.
1713 1176 1799 1216 401
1847 1176 1890 1216 et

1113 1232 1202 1272 419
1233 1227 1358 1284 Spr)
1398 1230 1522 1284 quod
1552 1229 1711 1274 Latini
1744 1230 1889 1288 pasti-

1112 1300 1233 1331 naca
1262 1290 1447 1332 vocant.

1085 1342 1450 1412 δηλητήριονε

1113 1403 1303 1460 potione
1331 1417 1472 1462 accep
1473 1406 1526 1450 ta
1556 1419 1698 1462 quam
1721 1405 1888 1452 Graeci

1113 1462 1371 1508 deleterion
1401 1420 1564 1509 dipcunt
1593 1469 1666 1510 51.

1085 1517 1211 1568 διάε
1247 1522 1366 1577 ‚,“de
1397 1524 1562 1578 quibus
1591 1524 1725 1568 ‘rebus
1747 1525 1887 1569 medi—

1114 1555 1319 1625 camen‘ta
1357 1581 1486 1636 facta
1521 1587 1630 1627 sunt
1670 1584 1780 1628 haec
1809 1596 1888 1629 no-

1112 1640 1375 1684 minantur.-

1083 1694 1164 1742 διὰ
1214 1698 1298 1755 τῆς
1349 1691 1544 1754 dung:
1598 1698 1766 1744 Galeni
1812 1713 1887 1744 ca·

1111 1757 1286 1860 {artico
1321 1756 1399 1802 dia
1435 1759 1507 1803 tes
1552 1758 1681 1804 aloes
1725 1759 1887 1816 appel-

1132 1817 1212 1860 ato
1247 1821 1269 1859 1

1084 1869 1151 1919 δι’
1192 1867 1376 1919 ἁλῶνε
1417 1875 1724 1931 emplastrum
1771 1876 1887 1932 (dia-

1111 1933 1192 1978 lon
1228 1947 1304 1991 9ο,
1344 1933 1530 1979 dialoen
1561 1935 1618 1991 p)
1651 1940 1721 1980 21.
1769 1935 1886 1991 (dia-

1111 1992 1221 2038 loon
1236 2007 1303 2050 9σ,
1322 1992 1509 2037 dialeon
1517 1994 1572 2050 p)
1590 1999 1686 2049 26.,
1691 1993 1887 2050 ,Cassius

1109 2051 1243 2096 Felix
1264 2051 1314 2096 in
1331 2051 1644 2097 antidotario“
1661 2029 1773 2097 affini.
1790 2066 1826 2098 8.
1843 2067 1884 2098 v.

1081 2106 1162 2154 διὰ
1175 2110 1260 2154 τοῦ
1275 2104 1582 2164 ἀψινθίουτ
1595 2112 1887 2168 cataplasma

1110 2168 1236 2225 quod
1251 2182 1312 2225 ap
1314 2169 1493 2226 pellant
1515 2170 1648 2214 diatu
1668 2170 1886 2215 absentiu

1110 2230 1169 2284 (9,
1194 2183 1344 2271 diatup
1350 2227 1559 2272 absinthi
1582 2228 1777 2285 c,diat1‘1
1802 2229 1884 2274 ab·

1109 2286 1257 2330 sithisi
1281 2287 1337 2342 p)
1368 2290 1439 2330 42.

1487 1347 1621 1392 letali
1653 1347 1757 1392 cibo
1789 1348 1887 1393 sive

905 2345 996 2402 gri-
1079 2340 1146 2388 81³
1171 2339 1236 2401 ἐχ
1239 2345 1445 2389 ιδνωνε
1469 2345 1734 2391 antidotum
1757 2347 1884 2402 quod

1108 2417 1169 2460 ap
1171 2403 1374 2460 pellatur
1437 2361 1788 2463 diec<id>nonq
1826 2406 1883 2463 (c,

1107 2462 1361 2507 diacrudon
1385 2463 1439 2519 p)
1470 2463 1644 2508 teriace
1669 2468 1724 2508 55
1755 2463 1882 2518 (Gal.

1109 2521 1216 2590 XI,
1255 2525 1348 2577 40)

1077 2575 1143 2624 δι’
1177 2555 1476 2638 ἡλέκτρουε
1508 2581 1734 2625 trociscus
1765 2579 1880 2636 (die-

1105 2639 1302 2683 lectrum
1331 2653 1413 2695 910,
1453 2639 1616 2684 dieleti
1655 2652 1680 2684 c
1718 2644 1788 2683 33
1822 2663 1881 2671 ·-

1106 2697 1382 2743 dialectrum
1396 2712 1441 2754 9,
1458 2697 1683 2742 dialectos
1694 2712 1730 2754 p
1748 2702 1803 2741 39
1821 2723 1879 2730 -—

1108 2756 1407 2801 diaelectium
1429 2771 1491 2813 p,
1529 2756 1825 2800 diaeletirum
1856 2770 1881 2801 c

1107 2818 1183 2873 48)
1215 2815 1264 2860 id
1295 2817 1367 2860 est
1399 2829 1456 2860 ex
1487 2816 1649 2860 sucino
1681 2820 1752 2860 39.
