2004 3186
784 101 1186 155 —175—

284 219 429 269 aliud.
499 220 559 270 ad
606 219 890 270 lumbricos,
952 221 1102 271 alium
1140 238 1254 273 cum
1291 232 1485 274 mentae
1534 225 1660 275 foliis
1701 242 1817 277 con-

135 295 308 344 tritum
357 301 407 343 et
452 295 640 359 piperis
687 293 904 356 modico,
951 295 1181 346 adiuncto
1229 306 1368 346 aceto
1414 305 1464 347 et
1510 298 1616 347 oleo
1667 314 1818 364 spano

136 373 412 417 comestum
450 366 722 417 lumbricos
760 367 990 419 excludit.

283 440 430 490 aliud.
494 440 608 490 folia
644 442 829 506 persici
861 444 1072 492 contrita
1104 451 1188 493 aut
1227 443 1378 493 olivae
1418 443 1532 494 folia
1570 451 1655 495 aut
1693 461 1816 496 sam·

133 513 251 564 buci
296 513 411 563 folia
451 514 678 564 similiter
725 517 938 565 contrita
981 522 1031 566 et
1069 532 1220 582 super
1258 516 1546 567 umbilicum
1593 521 1819 584 imposita
1843 533 1863 565 5

135 602 325 638 summe
364 588 567 638 faciunt.

571 719 784 770 LXXIII.
847 721 926 770 Ad
968 721 1386 772 elefantiasim.

282 823 373 873 Est
404 830 570 873 autem
603 823 903 874 elefantiasis
942 827 1165 890 corporis
1204 824 1448 875 callositas
1487 833 1688 891 operata
1726 826 1818 877 sub

132 896 486 947 melancholico
532 897 742 947 humore
790 898 850 947 ad
897 898 1270 948 similitudinem
1309 898 1649 967 elefantorum,
1688 900 1818 950 uude

133 970 454 1038 elefantiasiS,
507 978 564 1021 ut
610 986 759 1037 supra
806 971 927 1039 dixi,
980 974 1144 1037 passio
1190 987 1370 1021 nomen
1418 975 1620 1038 accepit.
1696 973 1817 1024 haec
1843 987 1885 1020 10

132 1051 298 1095 autem
346 1047 483 1110 signa
527 1047 772 1111 patientes
819 1053 1072 1095 secuntur.
1143 1048 1385 1096 extantiae
1431 1047 1648 1114 riposae‚
1694 1063 1816 1113 quas

132 1118 308 1168 Graeci
362 1133 518 1168 oncus
573 1118 774 1169 octodes
829 1125 1028 1186 vocant,
1082 1119 1132 1168 id
1186 1126 1264 1169 est
1316 1121 1496 1184 riposis
1552 1121 1819 1171 verticibus

130 1193 471 1258 prominentes
518 1194 650 1242 circa
695 1192 887 1242 vultum
925 1199 976 1242 et
1021 1193 1278 1259 articuIOS,
1328 1193 1557 1243 adiuncta
1596 1197 1819 1260 corporis

131 1266 258 1316 mala
295 1265 607 1333 habitudine,
654 1281 800 1331 quam
840 1266 1015 1316 Graeci
1061 1266 1324 1315 cachexian
1376 1266 1560 1316 dicunt.
1623 1283 1683 1317 ex
1723 1282 1819 1332 qua

130 1341 361 1406 passione
409 1339 699 1405 frequenter
747 1339 1054 1390 'summitates
1103 1339 1370 1404 digitorum
1416 1338 1596 1390 cadunt
1649 1347 1815 1406 putre·
1842 1354 1883 1386 15

251 1500 274 1539 1
322 1497 478 1541 mente
520 1497 678 1552 (mete)
718 1510 742 1542 c
770 1496 849 1552 (cf.
889 1496 1046 1542 Diosc.
1089 1501 1139 1551 3,
1179 1500 1253 1541 36.
1323 1496 1378 1540 de
1421 1509 1583 1541 murra
1623 1501 1674 1550 1,
1718 1500 1817 1553 77):

133 1555 273 1600 mitte
289 1569 339 1612 Ρ.
462 1559 489 1599 2
512 1555 750 1600 modicum
774 1569 811 1601 c.
932 1558 980 1600 et
1002 1556 1099 1612 (ol.)
1123 1569 1167 1600 c:
1191 1555 1268 1600 vel
1282 1568 1333 1611 Ρ.
1447 1559 1473 1598 5
1499 1569 1584 1612 sup
1610 1568 1652 1600 c:
1678 1555 1764 1599 sub
1779 1569 1818 1613 Ρ

131 1614 423 1671 (umbilicum
455 1615 540 1671 cp).
598 1615 656 1670 cf.
689 1614 794 1659 Gal.
826 1614 959 1670 XII,
992 1618 1067 1660 76.
1246 1613 1422 1670 iposita
1444 1626 1502 1669 p:
1534 1614 1749 1671 apposita
1779 1627 1814 1659 c.

132 1679 158 1718 6
191 1677 299 1730 post
337 1674 518 1718 faciunt
554 1674 663 1718 haec
701 1674 834 1718 addit
869 1686 992 1718 unus
1030 1686 1075 1727 c,
1116 1685 1231 1729 quae
1268 1673 1370 1716 licet
1409 1671 1559 1716 Cassii
1595 1685 1684 1717 esse
1723 1685 1817 1716 mm

130 1734 330 1778 dubitem
359 1733 435 1776 hie
455 1733 588 1787 infra
610 1733 837 1786 adscribo,
859 1736 912 1776 ut
935 1733 1165 1789 leywntur:
1192 1730 1544 1775 Lumbricorum
1567 1731 1699 1776 dolor
1718 1731 1816 1775 sive

129 1793 256 1837 tinec
289 1792 418 1836 e-hre
437 1787 467 1834 Y]
497 1793 607 1836 sunt
637 1804 858 1835 carenum
888 1791 1117 1848 optimum
1141 1790 1202 1833 ad
1232 1789 1396 1834 tertias
1428 1789 1656 1846 decoques
1679 1803 1736 1834 ex
1760 1804 1815 1835 eo

132 1850 266 1896 dabis
299 1849 467 1895 ieiunis
491 1850 819 1894 examinatum.
867 1849 986 1894 Item
1016 1850 1132 1894 folia
1154 1848 1294 1894 ocimi
1325 1848 1408 1892 alii
1437 1848 1555 1905 galli
1586 1849 1709 1893 clare
1732 1851 1818 1894 vof:
1847 1886 1850 1888 ,

133 1909 298 1967 eoligis
325 1912 373 1954 et
395 1922 532 1966 super
556 1910 764 1954 ventrem
788 1909 981 1966 inpones
1011 1909 1263 1952 lumbricos
1286 1907 1502 1951 excutiet.
1554 1906 1662 1951 Alia
1683 1907 1816 1951 radix

128 1968 368 2026 polipodie
407 1967 437 2013 i.
476 1967 604 2012 felici
641 1968 816 2022 (Diosc.
848 1972 899 2024 4,
935 1971 1041 2013 185.
1096 1968 1154 2022 cf.
1181 1966 1283 2011 Gal.
1324 1966 1481 2020 XIV,
1512 1969 1621 2021 514)
1651 1966 1814 2022 depur-

130 2043 239 2099 gato
280 2055 305 2095 ἶ
344 2041 457 2086 teris
498 2041 556 2086 de
591 2041 721 2099 ligno
760 2042 892 2087 addis
929 2040 1058 2086 racha
1093 2040 1275 2107 imule-
1292 2026 1328 2092 ⁷5
1374 2038 1483 2083 vm
1514 2053 1539 2093 f
1572 2038 1611 2107 ej
1652 2038 1813 2083 viridis

128 2100 271 2145 fuerit
314 2100 448 2145 radix
493 2101 588 2145 filie
630 2102 688 2145 de
740 2114 850 2146 suco
897 2099 1083 2146 conficis
1130 2099 1381 2156 f(?)ecisum
1422 2111 1738 2166 amomacum
1785 2112 1812 2153 9

130 2159 330 2205 euforbii
359 2163 389 2210 3
420 2160 465 2204 II
494 2159 569 2228 fac
608 2160 788 2228 pilu-las,
812 2158 877 2205 01⁹
908 2158 1229 2227 magnitudine
1266 2171 1355 2215 que
1388 2170 1516 2225 auno·
1540 2158 1675 2201 micit
1706 2157 1812 2213 s(‘?)e

126 2218 505 2334 333115235233:
520 2218 830 2323 ἐὲἲῖἓὲᾱὲέἐῖἑ
853 2215 1812 2323 ἓῖἓῃῃῖῗηῖῗνῖξῖιΠειθοῗὲέἒέῗᾱξῑῗὲῑὲ

127 2337 234 2381 anei
266 2336 401 2382 ciatis
430 2336 487 2381 Π.
519 2339 602 2382 aut
633 2351 757 2395 sape.
791 2337 869 2382 SS.
901 2336 946 2380 ΙΙ
976 2335 1109 2381 dabis
1139 2335 1394 2380 bibendum
1425 2335 1532 2378 ante
1563 2333 1700 2377 horas
1724 2332 1810 2376 IIII

130 2394 251 2452 egici
273 2397 322 2440 et
342 2395 619 2441 vermiculos
643 2398 692 2442 et
713 2397 863 2441 tineas
888 2397 997 2441 ante
1026 2394 1232 2440 triduum
1257 2406 1366 2438 sane
1394 2392 1535 2437 debes
1559 2405 1636 2436 eos
1666 2390 1810 2436 cibari

126 2469 235 2557 {ugni
263 2468 386 2512 pane
417 2456 466 2500 et
503 2469 648 2558 potsca
678 2455 853 2501 bibere.
939 2513 949 2523 ι
1004 2458 1381 2558 ἳᾶοοῐροέῆωιΡ.
1532 2455 1558 2494 9
1584 2449 1809 2551 Ῑῑοείιὲιϋ-Ξ-

127 2527 291 2630 plilisslild3
310 2526 358 2617 cc.
387 2586 470 2617 om.
487 2514 557 2629 (2.8
579 2516 1014 2619 ωιῗῖυέῗιίῑὲἓῃὲῗ
1036 2586 1087 2628 Ρ
1132 2523 1449 2628 Πηρθαὲἔηξὲἒ
1469 2581 1512 2612 c:
1543 2523 1807 2611 labortdntes

122 2646 174 2688 Ρ.
297 2631 505 2676 extantia
535 2631 691 2690 riposa
712 2645 765 2689 Ρ,
798 2631 977 2677 extanti
1006 2643 1207 2688 anpossa
1239 2643 1274 2674 e.
1394 2640 1532 2683 quam
1564 2638 1631 2681 cp.
1755 2628 1808 2667 12
1839 2655 1842 2661 .

131 2695 236 2734 eoos
267 2691 425 2735 etedes
458 2703 502 2746 c,
543 2691 810 2736 ecosetodes
832 2705 870 2748 Ρ
903 2686 1095 2748 (ὄγκους
1125 2684 1367 2745 ὄχθιόδεις.
1439 2685 1494 2739 cf.
1538 2683 1650 2750 Gal..
1675 2683 1807 2736 XII,

129 2750 259 2806 827).
378 2748 546 2806 riposis
561 2763 620 2807 p:
652 2754 702 2794 re
732 2750 881 2807 possis
905 2763 940 2794 c.
1065 2752 1118 2792 13
1143 2746 1405 2804 prominens
1421 2757 1471 2800 Ρ,
1503 2743 1746 2800 promittes
1771 2754 1805 2784 c.

129 2807 252 2853 circa
282 2809 491 2854 ventrem
523 2821 559 2854 c.
683 2813 738 2853 14
771 2807 1005 2854 cacexiam
1037 2821 1081 2862 c,
1114 2805 1340 2851 cacesiam
1365 2817 1413 2860 Ρ.
