2004 3186
128 922 171 954 10

860 86 1224 179 -48ζ-

195 265 415 300 meracae
463 251 689 314 potiones
737 254 821 297 aut
866 247 1112 296 lavacrum
1160 252 1245 296 aut
1298 247 1548 311 vaporatio
1597 251 1681 295 aut
1729 244 1878 295 flebo-

193 326 343 374 tomia
394 330 477 372 aut
532 322 856 372 catharticum
911 320 1079 370 datum
1133 319 1265 384 quod
1318 320 1582 368 sarmacian
1636 319 1881 384 appellant

196 397 352 448 solvit.
423 396 509 446 sed
557 397 719 445 omnia
764 395 886 443 haec
933 395 1151 458 quinque
1199 392 1473 443 secundum
1525 394 1882 457 expositionem

195 471 387 536 Magni
434 469 908 534 iatrosophistae
955 482 1103 532 supra
1155 473 1455 516 memoratus
1495 468 1661 515 senior
1698 465 1882 531 Hippo-

197 553 358 594 crates
412 559 524 592 cum
579 543 878 591 discretione
933 540 1166 590 adhibere
1219 542 1491 606 praecepit,
1546 546 1597 589 et
1642 541 1685 589 si
1731 539 1884 588 fuerit

197 617 336 666 dolor
384 632 443 666 ex
490 616 795 681 plenitudine
843 616 1118 680 sanguiniS,
1163 614 1444 663 flebotomia
1490 621 1575 663 aut
1614 613 1882 662 cathartico

196 691 500 740 detractione
541 691 667 739 facta
700 703 891 753 curare,
930 690 1007 736 sin
1039 703 1155 737 vero
1189 703 1247 736 ex
1281 689 1499 736 siccitate
1537 688 1688 736 fuerit
1727 686 1882 752 dolor,

196 764 387 813 lavacro
420 770 470 812 et
499 765 813 828 vaporatione
845 761 1154 811 humectatos
1187 776 1375 827 sanare,
1415 763 1491 809 sin
1529 775 1646 809 vero
1680 776 1739 809 ex
1771 775 1881 824 per-

195 838 423 886 frictione
438 837 859 885 ethumectatione
875 836 1024 884 fuerit
1034 834 1187 902 dolor,
1202 850 1394 883 meraca
1406 836 1605 899 potione
1620 833 1883 882 calefactos

195 910 395 960 mederi.
442 912 609 959 vinum
627 924 838 973 namque
864 908 1085 958 calefacit
1111 915 1159 958 et
1184 908 1412 957 desiccat.
1460 907 1734 956 secundum
1751 908 1882 955 varia

194 991 415 1048 tempora
467 985 750 1047 passionum
810 984 971 1031 omnia
1024 982 1246 1031 adhiberi
1304 988 1564 1046 praecepta
1622 986 1752 1030 sunt.
1831 982 1883 1028 in

192 1059 314 1121 ipsis
367 1058 521 1106 initiis
576 1055 921 1105 abstinentiam
976 1055 1071 1105 cibi
1126 1055 1201 1104 vel
1255 1057 1496 1104 ieiunium
1544 1060 1741 1119 oportet
1793 1055 1883 1101 im-

193 1145 384 1195 perare,
422 1132 474 1178 in
514 1136 776 1194 augmento
816 1145 932 1178 vero
973 1131 1119 1178 tertia
1158 1129 1233 1177 vel
1274 1134 1447 1193 quarta
1485 1128 1564 1177 die
1603 1127 1884 1176 flebotomia

194 1203 269 1252 vel
328 1203 594 1257 cathartico
658 1205 875 1269 operari,
937 1202 1263 1261 declinatione
1317 1217 1434 1251 vero
1488 1202 1640 1262 facta,
1690 1201 1883 1249 lavacro

152 1290 172 1321 5
196 1278 282 1326 uti.
360 1277 480 1326 haec
521 1284 636 1326 sunt
688 1292 811 1341 quae
864 1276 1137 1326 secundum
1188 1276 1446 1325 aforismos
1491 1276 1541 1324 id
1592 1281 1667 1324 est
1714 1274 1882 1323 defini·

151 1414 156 1417 p
195 1352 343 1399 tionis
402 1350 730 1414 eloquentiam
786 1349 1043 1399 oculorum
1098 1349 1351 1399 doloribus
1404 1351 1564 1415 posita
1625 1363 1734 1397 esse
1797 1363 1881 1396 no·

128 1656 172 1687 20

196 1430 418 1473 scuntur.

343 1512 475 1546 nunc
507 1512 623 1546 vero
657 1496 868 1561 qualiter
899 1498 1099 1561 proprie
1138 1498 1260 1560 ipsis
1292 1496 1447 1545 oculis
1479 1497 1734 1561 passiones
1765 1510 1881 1544 con-

196 1571 385 1634 tingant
426 1570 713 1619 scribamus.
777 1569 1035 1634 aliquando
1075 1585 1188 1619 cum
1227 1571 1415 1634 ingenti
1453 1570 1646 1618 fervore
1687 1569 1882 1618 dolores

198 1644 501 1709 efficiuntur,
541 1642 803 1708 aliquando
836 1658 950 1692 cum
987 1643 1309 1709 perfrictione
1343 1651 1392 1692 et
1431 1650 1631 1707 torpore
1665 1641 1879 1709 sens11S‚]

316 1878 339 1915 1
371 1875 549 1918 merate
567 1874 819 1930 ‘passiones
851 1887 898 1928 c,
939 1872 1055 1916 meri
1086 1873 1300 1930 potiones
1325 1887 1375 1928 Ρ.
1557 1874 1710 1927 lavazt
1740 1886 1783 1929 c,
1814 1873 1883 1916 la-

195 1930 323 1975 vacri
345 1946 396 1987 Ρ.
518 1935 601 1976 aut
624 1958 679 1965 —
705 1932 857 1976 solvet
884 1933 988 1988 (sic)
1013 1945 1054 1976 c:
1090 1934 1172 1975 aut
1194 1931 1414 1976 sarmatia
1436 1932 1576 1977 solvit
1601 1935 1698 1986 (cet.
1725 1936 1815 1987 om)
1830 1946 1880 1987 Ρ.

195 1994 222 2033 2
254 1989 480 2035 sarmacia
512 2005 548 2035 c.
671 1997 696 2035 3
721 1991 777 2035 V.
804 2005 871 2047 εΡ.
994 1996 1020 2034 4
1045 1991 1206 2047 magni
1228 1991 1395 2047 hyatro
1421 1991 1630 2047 sophiste
1655 2005 1691 2046 c,
1723 1991 1883 2047 magni

197 2051 343 2120 (maffg)
383 2063 538 2108 hiatus
578 2064 782 2121 sophiste
813 2079 864 2121 Ρ.
1040 2077 1179 2120 supra
1217 2077 1298 2108 om.
1339 2078 1374 2108 c.
1542 2066 1803 2109 memorato
1845 2078 1882 2108 c.

195 2123 350 2179 hypo&
379 2136 414 2178 c,
445 2137 642 2179 ypocras
666 2137 716 2179 Ρ.
860 2128 886 2167 5
920 2138 1026 2167 cum
1058 2137 1141 2167 om.
1174 2136 1209 2167 c,
1362 2123 1575 2167 adhiberi
1605 2137 1629 2167 c
1662 2125 1787 2178 (-re
1812 2127 1880 2180 Ρ).

195 2184 249 2224 ut
279 2181 317 2225 si
348 2195 416 2237 cp,
555 2187 579 2226 7
613 2183 953 2227 detractatione
977 2197 1027 2238 Ρ.
1177 2183 1352 2225 factam
1385 2196 1420 2227 c.
1567 2181 1648 2225 Sin
1679 2196 1722 2226 c:
1757 2182 1806 2226 Si
1829 2197 1879 2238 Ρ.

197 2253 254 2283 ex
277 2253 359 2284 om.
386 2253 455 2295 cp.
577 2244 602 2283 8
626 2241 905 2286 humectatis
929 2256 965 2285 c.
1087 2240 1167 2284 Sin
1196 2254 1239 2284 c:
1265 2240 1315 2284 Si
1330 2255 1380 2296 Ρ.
1504 2246 1529 2284 9
1555 2240 1882 2297 pei-fricatione

195 2311 251 2354 οΡ
283 2299 330 2355 (i.
362 2298 535 2355 frigore
567 2301 672 2343 add.
699 2314 758 2355 Ρ,
791 2314 884 2344 non
916 2304 973 2356 c).
1094 2313 1279 2344 meraca
1310 2314 1332 2344 c
1364 2299 1540 2355 (menta
1570 2301 1692 2344 Petr.
1718 2302 1880 2356 c.19):

199 2357 315 2401 meri
338 2372 387 2413 Ρ.
514 2363 568 2402 10
600 2359 760 2402 vinum
791 2385 847 2392 —
879 2359 1091 2403 adhiberi
1114 2373 1173 2415 Ρ;
1206 2372 1288 2403 om.
1315 2373 1350 2403 c.
1472 2373 1696 2415 namque:
1730 2365 1810 2416 Πᾶς
1830 2373 1880 2415 Ρ.

199 2420 252 2459 12
279 2416 564 2460 abstinentia
588 2431 622 2467 c,
736 2418 812 2462 vel
835 2418 1059 2462 ieiunium
1084 2433 1126 2462 c:
1152 2432 1236 2462 om.
1253 2431 1303 2473 Ρ.
1419 2422 1471 2461 13
1497 2417 1812 2463 flebotomiam
1829 2432 1878 2473 Ρ.

199 2479 254 2517 14
285 2475 361 2519 vel
393 2489 435 2519 c:
470 2477 552 2520 aut
575 2490 625 2532 Ρ.
770 2479 994 2522 catartlca
1022 2479 1128 2533 (sic)
1150 2491 1202 2533 Ρ,
1234 2491 1397 2521 —cum
1429 2491 1465 2520 c.
1617 2477 1799 2533 operari
1823 2491 1881 2532 p:

197 2547 305 2600 ssre
341 2548 377 2578 e.
497 2535 547 2578 in
578 2535 694 2580 decl.
720 2549 756 2591 Ρ
791 2537 855 2591 (in
886 2550 968 2582 om.
1003 2539 1057 2593 c).
1177 2536 1304 2580 facta
1335 2549 1418 2581 om.
1443 2550 1492 2592 Ρ.
1625 2540 1678 2579 15
1712 2535 1881 2579 diffini-

196 2592 338 2636 tionis
374 2606 424 2648 Ρ.
580 2599 631 2638 16
671 2596 924 2638 nascuntur
971 2609 1038 2651 οΡ.
1192 2599 1245 2638 18
1290 2594 1517 2651 passionis
1561 2594 1803 2651 contingat
1844 2608 1881 2648 c,

197 2651 430 2718 passiones
461 2651 737 2709 contingunt
761 2667 812 2708 Ρ.
995 2659 1048 2697 19
1080 2653 1343 2709 Aliquando
1375 2659 1452 2698 etc.
1485 2655 1597 2709 (nisi
1627 2655 1746 2709 quod
1778 2666 1881 2709 per-

196 2710 439 2755 fncatione
479 2712 528 2755 et
566 2715 777 2768 corpore)
818 2725 860 2756 c:
902 2713 1095 2757 Dolores
1144 2712 1408 2757 efficiuntur
1446 2713 1535 2768 (hic
1578 2725 1691 2756 corr.
1738 2725 1880 2768 mary.

196 2768 465 2871 aliquando)
498 2784 601 2814 cum
632 2770 814 2827 ingenti
845 2772 1023 2816 fervere
1054 2773 1172 2828 (sic).
1235 2772 1483 2829 aliquando
1509 2785 1612 2815 cum
1635 2770 1880 2814 fricatione

297 2841 472 2884 orpore.
